2926 4928
161 338 202 385 10
330 293 333 299 ’
501 327 548 392 nr.
584 327 729 392 rutel
754 326 1013 393 CICERONIS

159 518 226 562 non
248 501 338 566 docti
359 503 417 566 sed
439 501 527 582 facti,
548 525 615 567 non
639 504 782 568 instituti
806 504 864 568 sed
888 502 1007 567 imbuti
1027 523 1151 580 sumus,
1174 511 1220 582 ut,
1243 501 1380 583 Uli-a

158 606 876 726 Ques.1.r.1sn1.a.s..sr3rn.nn.et
895 608 929 689 in
949 607 1015 683 tela
1034 607 1281 690 tartaronum
1302 616 1363 683 aut

158 707 366 773 inimicorum
397 712 585 793 incidisset,
602 713 710 777 omnis
736 712 877 777 honesta
906 713 991 778 ratio
1017 721 1104 779 esset
1121 711 1363 794 expediendae

158 798 490 878 sal'tff’Snent
450 817 546 913 „enim
554 815 657 913 'leges
677 817 761 880 inter
780 837 874 880 arma
894 836 954 879 nec
974 836 1010 878 se
1030 816 1215 898 exspectari
1237 815 1363 890 iubent,

158 896 267 978 cuin
251 917 289 992 ei,
305 919 360 1001 qui
372 896 570 1002 exspectare
586 921 674 997 velit,
689 931 767 983 ante
787 920 909 983 iniusta
929 939 1037 1001 poena
1057 917 1178 982 luenda
1195 918 1240 983 sit
1260 937 1362 1001 quam
1378 936 1392 987 5

112 1031 144 1078 11
159 1020 456 1120 uffhiellfifemh*
502 1025 578 1087 Etsi
600 1025 826 1109 persapienter
844 1034 879 1088 et
899 1025 1044 1104 quodam
1066 1024 1166 1086 modo
1186 1023 1364 1103 tacitedat

159 1124 231 1209 ipsa
260 1125 318 1188 lex
351 1136 555 1211 potestatem
584 1128 794 1206 defendendi,
823 1148 911 1210 quae
941 1146 1008 1190 non
1042 1125 1212 1189 hominem
1245 1125 1365 1217 occidi,

158 1230 218 1292 sed
240 1249 311 1292 esse
331 1251 408 1294 cum
430 1229 497 1294 telo
517 1231 662 1295 hominis
682 1231 854 1295 occidendi
870 1251 970 1293 causa
984 1238 1085 1306 vetat,
1101 1238 1146 1305 ut,
1162 1249 1238 1292 cum
1255 1249 1364 1305 causa,

159 1353 225 1394 non
243 1334 345 1396 telum
362 1344 583 1416 quaereretur,
599 1337 656 1417 qui
671 1335 722 1398 sui
740 1334 940 1398 defendendi
960 1354 1059 1396 causa
1079 1332 1146 1397 telo
1167 1342 1255 1397 esset
1275 1325 1365 1413 usus,

160 1454 227 1498 non
242 1436 386 1501 hominis
405 1439 578 1502 occidendi
596 1459 695 1502 causa
714 1438 869 1502 habuisse
889 1438 993 1501 telum
1015 1438 1223 1501 iudicaretur.
1269 1435 1364 1519 Qua·
1380 1461 1411 1496 10

159 1550 295 1622 propter
317 1541 380 1605 hoc
407 1553 541 1606 maneat
565 1543 598 1605 in
620 1563 730 1619 causa,
752 1543 897 1620 iudices3
927 1561 994 1604 non
1022 1542 1110 1604 enim
1137 1540 1256 1605 dubito
1282 1541 1364 1623 quin

159 1646 370 1726 probaturus.
388 1648 451 1708 sim
481 1647 574 1710 vobis
604 1647 830 1711 defensionem
862 1665 983 1720 meam,
1013 1646 1040 1707 si
1071 1646 1105 1709 id
1136 1645 1365 1722 memineritis,

159 1750 250 1830 quod
266 1749 415 1812 oblivisci
433 1770 499 1812 non
514 1752 663 1832 potestis,
680 1750 905 1814 insidiatorem
922 1749 1060 1814 interfici
1076 1750 1144 1812 iure
1160 1738 1288 1914 possel

87 1860 147 1926 Γ5
206 1851 363 1935 Sequitur
389 1853 478 1932 illud,
505 1855 596 1936 quod
626 1876 647 1918 a
678 1854 813 1918 Milonis
843 1853 984 1917 inimicis
1013 1853 1205 1935 saepissime
1235 1853 1267 1915 dr
1291 1854 1364 1930 itur,

115 1947 149 1992 12
162 1957 309 2031 caedem,
326 1957 358 2020 in
374 1978 439 2040 qua
452 1958 486 2020 P.
500 1958 637 2022 Clodius
650 1959 777 2023 occisus
792 1967 888 2033 esset,
903 1966 1057 2020 senatum
1074 1958 1233 2020 iudicasse
1249 1967 1366 2021 contra
1381 1975 1409 2025 15

162 2081 232 2123 rem
255 2060 422 2142 publicam
447 2082 518 2125 esse
541 2061 673 2126 factam.
720 2061 817 2125 Illam
840 2082 920 2125 vero
946 2071 1081 2124 senatus
1102 2081 1168 2124 non
1192 2061 1365 2125 sententiis

161 2165 228 2226 suis
251 2163 369 2242 solum,
389 2166 448 2228 sed
469 2165 568 2229 etiam
588 2165 707 2230 studiis
731 2165 969 2248 comprobavit.
1015 2163 1180 2246 Quotiens
1202 2166 1289 2227 enim
1314 2175 1365 2228 est

160 2267 216 2331 illa
242 2288 342 2331 causa
367 2271 504 2332 anobis
531 2278 606 2333 acta
634 2269 668 2331 in
695 2269 831 2332 senatu!
865 2269 986 2352 quibus
1011 2268 1261 2333 adsensionibus
1292 2269 1365 2332 uni·

193 2453 217 2500 4.
235 2440 319 2488 iubent
339 2438 416 2497 TEn;
445 2439 549 2503 Quintil.
568 2456 591 2489 v.
613 2453 649 2502 14
671 2441 701 2489 8:
718 2441 808 2490 valeant
826 2439 893 2500 er.

159 2520 210 2554 non
223 2505 289 2554 modo
301 2504 355 2553 rell.
390 2507 460 2553 Mire
476 2505 574 2554 rltztller
586 2509 593 2532 ⁴
600 2506 676 2554 modo
692 2522 739 2555 om.
750 2507 807 2556 dett.
819 2503 892 2555 confi!

162 2584 202 2629 13.
219 2570 320 2619 interfici
332 2571 383 2619 iure
395 2571 454 2630 HE,
467 2571 523 2618 iure
534 2571 643 2636 interfici
654 2572 700 2620 Tt.

158 2652 206 2685 one.
219 2638 240 2684 ὃ.
273 2643 336 2684 esset
349 2637 385 2696 H,
397 2637 480 2686 Bake:
498 2644 534 2685 cst
544 2637 598 2686 rell.

191 2784 216 2847 4
236 2773 337 2817 silent:
358 2770 388 2818 cf.
403 2769 468 2818 Plut.
483 2769 547 2818 Mar.
562 2769 679 2818 alleluiu
696 2767 734 2819 ὅτι

159 2834 204 2882 τοῦ
227 2834 300 2895 νόμον
318 2833 357 2881 διὰ
376 2834 420 2883 τὸν
439 2835 488 2883 τῶν
507 2834 587 2884 teron
608 2835 688 2901 ψόφον
707 2836 736 2884 οὒ

160 2898 340 2949 κατακούσειεν

192 2970 305 3014 iubent:
324 2965 366 3014 the
387 2966 481 3014 variant
501 2967 627 3015 voluntis
647 2973 737 3016 attrac-

161 3030 218 3089 tive,
238 3031 304 3080 since
325 3033 366 3080 the
384 3032 515 3095 repetition
535 3032 564 3080 of
581 3048 596 3079 a
618 3034 688 3081 word
710 3033 736 3081 in

160 3113 176 3145 a
193 3096 304 3144 different
321 3112 389 3146 sense
406 3098 427 3144 is
445 3113 460 3144 a
478 3097 568 3146 feature
585 3098 614 3146 of
629 3099 737 3147 Cicero's

161 3163 233 3224 style.
276 3162 316 3210 Cf.
336 3167 348 3220 5
366 3177 393 3210 21
408 3169 558 3226 possunt..
578 3170 735 3226 .possumus‚

162 3231 175 3286 5
205 3243 237 3289 44
264 3228 391 3276 dubitaret
412 3263 419 3276 .
443 3264 474 3277 ..
497 3228 619 3277 dubitare
674 3229 737 3277 Also

104 3334 110 3339 .
160 3293 279 3341 valeand
296 3294 412 3341 voluntas
429 3309 470 3342 are
485 3294 666 3357 idiomatically
677 3294 738 3342 used

162 3359 191 3406 of
200 3359 241 3407 the
254 3358 333 3422 obyect
346 3359 468 3419 ofalau
484 3376 539 3421 e..g
553 3363 675 3424 §9supr.
689 3358 737 3409 ou.

161 3425 197 3473 iii.
212 3438 257 3485 233
280 3425 372 3473 Vern'
365 3425 400 3474 1ii.
424 3439 482 3488 ι93;
500 3425 531 3473 de
549 3425 668 3474 Invent'
662 3442 677 3475 1.
697 3423 737 3487 56,

161 3491 187 3540 ii.
208 3491 268 3551 ι38;
286 3490 346 3553 Dig.
364 3488 404 3548 46.
422 3503 443 3538 1.
459 3489 500 3566 46.
534 3489 601 3539 That
617 3491 723 3539 iubent
717 3506 738 3539 rs

162 3556 297 3620 supported
309 3556 343 3619 by
355 3555 494 3620 Quintilis
505 3557 586 3604 notin
602 3556 672 3605 itself
680 3572 738 3604 con·

162 3623 264 3681 clusive,
285 3637 323 3685 cp.
349 3626 361 3680 5
386 3635 408 3670 1.
443 3621 483 3669 On
503 3620 557 3689 the
569 3622 639 3669 other
661 3621 738 3681 hand,

161 3687 253 3736 volunt
268 3702 326 3750 may
336 3688 367 3735 be
384 3703 400 3735 a
415 3687 464 3750 slip
480 3687 527 3735 due
543 3693 570 3735 to
579 3687 662 3735 velit
655 3703 681 3735 m
696 3687 738 3736 the

162 3761 220 3801 next
232 3751 287 3808 line,
300 3753 348 3800 and
359 3753 449 3800 volunt
459 3769 525 3816 supr.

197 3826 219 3880 7.
247 3833 303 3865 non
327 3853 334 3866 .
361 3854 368 3866 .
393 3853 400 3867 .
428 3824 494 3868 sed:
533 3816 566 3866 cf.
591 3824 603 3876 5
628 3831 656 3878 3ι
688 3833 738 3865 non

163 3884 290 3932 occisusne
315 3884 400 3932 sit..
423 3883 490 3932 ,sed
515 3884 567 3931 iure
590 3899 621 3930 an
641 3884 738 3942 iniuria,

166 3952 178 4007 5
203 3963 234 4011 39
257 3963 307 3996 non
330 3949 361 3997 de
383 3948 531 4012 impunitate
559 3948 611 3996 eius
639 3949 683 3996 sed
707 3949 739 3997 de

164 4016 281 4079 praemiis
308 4017 463 4078 cogitaretur,
486 4015 517 4062 de
545 4013 616 4062 Orat.
639 4015 665 4063 ii.
694 4012 739 4062 106

164 4095 264 4129 resnou
277 4080 308 4128 sit
326 4095 409 4137 necne,
422 4080 466 4127 sed
475 4078 554 4144 qualis
566 4080 597 4127 sit
608 4079 740 4143 quaeritur.

165 4145 236 4193 ‘The
248 4146 297 4193 law
308 4145 368 4193 does
385 4151 428 4192 not
446 4145 526 4193 forbid
543 4145 668 4193 homicide
681 4146 707 4204 (i.
717 4159 740 4193 e.

164 4226 218 4259 sme
233 4210 285 4259 dolo
303 4211 379 4287 nzalo)
393 4210 437 4258 but
452 4212 528 4259 intent
544 4217 571 4258 to
588 4209 651 4259 kill’
686 4210 741 4258 The

165 4277 261 4324 variant
278 4276 373 4324 modo
368 4291 388 4324 rs
407 4276 454 4324 due
470 4283 497 4325 to
513 4291 529 4323 a
545 4275 652 4324 familiar
667 4277 741 4323 inter·

166 4341 287 4407 polation,
308 4341 400 4404 arising
418 4341 508 4389 from'
502 4356 635 4404 rgnorance
654 4341 683 4389 of
700 4341 742 4390 the

166 4408 340 4456 construction.
376 4407 435 4456 Cf.'
429 4422 454 4454 ιιι
466 4407 507 4456 the
519 4406 635 4470 previous
647 4408 742 4455 section

166 4473 232 4524 the
226 4472 345 4522 urtrnsion
363 4472 391 4521 of
408 4473 484 4522 etiam
502 4472 663 4522 alternarum
675 4471 740 4532 inT,

1048 2449 1071 2503 7,
1088 2455 1138 2487 non
1156 2438 1193 2498 H,
1213 2438 1365 2489 Lambinus:

1059 2517 1098 2553 11.
1115 2505 1216 2554 dubito:
1234 2505 1317 2554 iudico
1334 2505 1366 2554 T.

802 2586 839 2635 ι4.
857 2570 997 2636 saepissime
1000 2587 1012 2644 3
1029 2577 1098 2635 saepe
1109 2570 1186 2620 Bake.
1282 2583 1322 2634 15.
1339 2571 1367 2620 in

786 2770 875 2829 Cobet,
887 2770 980 2818 Mnem.
991 2770 1064 2834 1879,
1078 2782 1132 2831 114,
1141 2768 1281 2832 Tyrrellon
1294 2770 1365 2819 Fam.

786 2836 818 2885 ix.
833 2835 870 2884 16.
883 2835 907 2884 6.
940 2835 1015 2884 Modo
1034 2835 1155 2898 produces
1174 2851 1190 2882 a
1209 2850 1278 2883 more
1295 2850 1366 2885 com·

786 2901 895 2966 plicated
915 2915 993 2958 sense,
1011 2900 1061 2948 and
1081 2900 1127 2948 has
1146 2899 1268 2950 therefore
1287 2900 1366 2949 found

786 2966 912 3015 defenders
934 2981 1028 3029 among
1050 2965 1122 3015 those
1143 2965 1201 3014 who
1228 2965 1317 3028 rejoice
1340 2966 1366 3014 in
1455 2985 1459 2997 ¹

787 3032 868 3081 subtle
890 3032 1097 3095 interpretamus,
1114 3046 1150 3080 sc.
1171 3030 1230 3080 ‘the
1253 3032 1302 3079 law
1319 3039 1366 3080 not

787 3098 846 3160 only
857 3097 952 3146 forbids
967 3096 1102 3156 homicide,
1114 3098 1159 3145 but
1175 3096 1230 3145 also
1248 3096 1326 3146 intent
1337 3104 1366 3146 to

787 3163 852 3211 kill!
887 3162 949 3210 This
958 3168 1089 3210 statement
1099 3178 1157 3225 may
1166 3163 1197 3210 be
1208 3177 1278 3211 more
1287 3162 1366 3211 truth-

787 3228 830 3287 ful,
851 3229 896 3276 but
914 3227 957 3276 the
977 3228 1092 3291 previous
1110 3243 1158 3276 one
1180 3227 1201 3276 is
1223 3243 1292 3276 more
1310 3227 1366 3277 rhe-

787 3265 885 3342 torical.
907 3292 962 3342 The
971 3293 1052 3342 words
1061 3292 1090 3341 of
1098 3293 1139 3342 the
1146 3293 1188 3340 lex
1198 3293 1314 3342 Cormlia
1323 3309 1366 3342 are

788 3358 1366 3474 {tlt⁶tt.tt¹t.ttll¹²ttttttttrt

788 3490 913 3548 occiderit,
931 3490 1030 3539 cuiusve
1052 3490 1079 3538 id
1100 3489 1161 3538 dolo
1184 3489 1252 3538 malo
1272 3489 1367 3539 factum

787 3555 849 3616 erit,'
873 3525 960 3615 Brhns,
983 3572 1008 3619 p.
1029 3568 1078 3619 91:
1103 3555 1186 3603 where
1206 3561 1233 3604 to
1252 3555 1368 3604 occiderit

789 3628 854 3670 must
866 3621 897 3670 be
909 3620 1025 3685 supplied
1036 3620 1089 3670 dolo
1100 3621 1174 3670 malo.

822 3688 844 3735 8.
864 3702 928 3736 esse
939 3702 1005 3736 oum
1014 3693 1086 3735 telo:
1112 3687 1156 3735 i.e.
1168 3692 1196 3734 to
1212 3701 1282 3748 carry
1293 3701 1367 3735 arms

788 3754 827 3803 Cf.
836 3750 894 3811 566,
897 3751 1016 3815 Pliny,N.
1020 3751 1056 3800 H.
1064 3752 1145 3800 xxxiv.
1155 3765 1237 3815 1439,
1240 3751 1287 3800 Ac.
1292 3751 1318 3800 ii.
1327 3760 1368 3816 79.

823 3831 860 3867 11.
880 3824 1009 3866 maneat:
1041 3817 1072 3866 cf.
1101 3817 1159 3866 Div.
1187 3816 1203 3866 i.
1231 3819 1262 3877 38
1290 3817 1368 3866 modo

789 3889 891 3933 maneat
902 3882 934 3937 id,
947 3883 1013 3946 quod
1026 3882 1111 3946 negari
1122 3898 1172 3931 non
1184 3888 1273 3947 potest

824 3963 862 4010 15.
877 3954 997 4007 medem,
1006 3953 1113 4024 tuque:
1125 3949 1223 3997 thesen.
1234 3963 1302 3997 cous.
1312 3946 1369 3997 said

788 4015 884 4062 caedem
901 4015 931 4062 P.
951 3983 1054 4073 clo’di,
1048 4028 1096 4062 ιε.
1115 4013 1157 4062 the
1179 4023 1219 4062 act
1242 4013 1272 4065 ol
1292 4013 1368 4062 Milo.

789 4080 880 4128 Cicero
897 4079 976 4127 twists
992 4079 1034 4127 the
1052 4078 1160 4139 words,
1153 4095 1179 4126 ru
1197 4079 1268 4127 order
1286 4085 1314 4127 to
1332 4079 1369 4127 in·

790 4144 864 4194 clude
875 4145 935 4192 both
947 4144 975 4192 of
984 4143 1026 4192 the
1038 4145 1129 4208 parties
1141 4144 1166 4192 in
1177 4144 1220 4192 the
1231 4144 1292 4208 fray.

824 4216 916 4260 esset:
946 4209 988 4258 the
1010 4209 1163 4272 subjunctive
1185 4209 1207 4258 is
1230 4223 1368 4272 necessary,

791 4276 858 4324 since
870 4275 911 4325 the
922 4275 1003 4323 words
1015 4291 1056 4325 are
1073 4292 1088 4324 ιι
1105 4275 1236 4339 quotation
1250 4274 1313 4323 from
1324 4275 1369 4324 the

792 4358 842 4390 sen.
856 4357 923 4391 cous.
957 4340 1013 4389 The
1024 4341 1160 4391 correction
1172 4355 1223 4389 was
1234 4339 1369 4404 originally

793 4408 866 4456 made
877 4408 910 4469 by
922 4405 991 4454 Bake
1002 4407 1065 4455 from
1078 4406 1224 4482 conjecture.

829 4472 866 4523 16.
884 4478 982 4522 illem:
1000 4471 1186 4522 macariorum
1201 4469 1279 4522 Clodi.
