2926 4928
176 312 218 402 76
524 317 572 381 M.
611 315 754 381 TULLI
781 313 1038 381 CICERONIS

175 492 266 558 cuius
289 491 345 557 ille
366 491 465 566 lacus,
489 512 624 555 nemora
648 490 796 573 finesque
818 511 916 574 saepe
938 490 1029 555 omni
1052 489 1177 554 nefario
1200 501 1317 573 stupro
1341 499 1374 551 et

175 595 298 660 scelere
322 595 510 671 macularat,
533 595 712 677 aliquando
733 596 777 658 ad
799 614 876 657 eum
903 596 1125 676 poeniendum
1153 595 1266 658 oculos
1295 613 1374 675 ape·

176 697 268 762 ruisti
281 721 289 778 ;
322 699 417 763 vobis
440 700 523 779 illae,
552 699 647 764 vobis
665 708 774 762 vestro
796 699 829 760 in
850 695 1029 781 conspectu
1057 718 1161 775 serae,
1186 699 1244 762 sed
1268 697 1375 761 iustae

124 818 161 865 eo
176 812 287 867 tamen
301 813 333 867 et
349 803 482 868 debitae
494 823 621 888 poenae
636 802 764 866 solutae
779 811 865 865 sunt.
905 803 978 865 Nisi
995 802 1079 866 forte
1094 802 1158 866 hoc
1174 801 1275 865 etiam
1297 820 1374 865 casu

175 905 300 972 factum
316 927 387 972 esse
402 909 558 976 dicemus,
575 919 611 970 ut
626 917 703 970 ante
719 907 827 987 ipsum
844 907 1023 969 sacrarium
1040 905 1154 970 Bonae
1170 906 1272 982 Deae,
1284 904 1374 987 quod
1389 927 1402 974 5

175 1024 225 1075 est
240 1012 273 1074 in
288 1011 391 1076 fundo
407 1011 448 1073 T.
460 1010 548 1075 Serti
560 1009 654 1083 Galli,
665 1011 697 1072 in
709 1010 825 1092 primis
836 1008 967 1074 honesti
979 1019 1013 1073 et
1025 1009 1131 1073 ornati
1144 1009 1374 1092 adulescentis,

176 1124 253 1178 ante
276 1114 393 1197 ipsam,
412 1114 558 1198 inquam,
575 1113 704 1178 Bonam
728 1114 844 1191 Deam,
864 1134 940 1178 cum
963 1114 1125 1196 proelium
1145 1114 1376 1190 commisisset,

175 1219 318 1301 primum
338 1217 418 1283 illud
438 1217 556 1281 vulnus
574 1219 751 1300 acciperet,
766 1237 833 1299 quo
853 1215 1077 1281 taeterrimam
1095 1228 1236 1281 mortem
1258 1218 1376 1292 obiret,

176 1332 214 1386 ut
236 1342 302 1384 non
330 1322 502 1386 absolutus
530 1323 650 1387 iudicio
685 1322 741 1384 illo
773 1320 897 1385 nefario
928 1322 1103 1397 videretur,
1126 1321 1185 1385 sed
1215 1323 1258 1384 ad
1289 1320 1376 1384 hanc

114 1437 163 1506 32
176 1427 338 1510 insignem
360 1447 502 1510 poenam
525 1436 719 1491 reservatus.
766 1425 838 1490 Nec
853 1446 931 1488 vero
953 1446 1019 1490 non
1040 1426 1155 1489 eadem
1174 1425 1222 1488 ira
1237 1427 1375 1489 deorum
1391 1449 1421 1484 10

176 1530 263 1594 hanc
285 1531 354 1593 eius
375 1530 572 1595 satellitibus
597 1531 708 1594 iniecit
731 1528 927 1607 amentiam,
942 1540 978 1593 ut
995 1531 1065 1592 sine
1082 1530 1291 1610 imaginibus,
1307 1529 1378 1592 sine

101 1628 108 1640 '
177 1644 278 1697 cantu
301 1644 402 1716 atque
425 1635 519 1710 ludis,
534 1634 606 1698 sine
629 1635 803 1717 exsequiis,
821 1635 889 1697 sine
912 1635 1075 1712 lamentis,
1090 1633 1160 1697 sine
1175 1632 1377 1697 laudationi·
1427 1677 1430 1682 ·

177 1739 250 1816 bus,
272 1739 343 1801 sine
364 1739 487 1817 funere,
510 1738 633 1802 oblitus
656 1760 769 1804 cruore
792 1748 824 1802 et
848 1738 929 1814 luto,
949 1738 1110 1820 spoliatus
1129 1737 1215 1800 illius
1230 1736 1378 1819 supremi

178 1842 244 1905 diei
271 1842 472 1918 celebritate,
497 1843 548 1906 cui
578 1843 694 1905 cedere
724 1842 848 1904 inimici
879 1843 978 1905 etiam
1002 1841 1124 1918 solent,
1150 1841 1380 1905 ambureretur

179 1947 336 2010 abiectus.
382 1945 458 2009 Non
482 1945 582 2010 fuisse
605 1947 704 2010 credo
731 1945 780 2008 fas
802 1943 1056 2009 clarissimorum
1082 1945 1226 2008 virorum
1254 1945 1379 2008 formas
1396 1967 1424 2016 15

180 2048 226 2113 illi
260 2049 449 2112 taeterrimo
479 2051 661 2132 parricidae
692 2048 816 2131 aliquid
848 2048 975 2112 decoris
1005 2047 1141 2126 adferre,
1172 2069 1279 2130 neque
1309 2047 1379 2111 ullo

179 2155 212 2216 in
240 2151 313 2216 loco
337 2154 448 2235 potius
478 2163 618 2217 mortem
646 2152 713 2218 eius
740 2152 883 2231 lacerari,
910 2172 1009 2233 quam
1041 2153 1074 2214 in
1102 2172 1168 2234 quo
1197 2162 1283 2216 esset
1310 2153 1379 2216 vita

179 2259 345 2320 damnata.

215 2398 236 2434 2.
254 2385 419 2449 poeniendum
436 2385 473 2436 T:
486 2385 648 2451 puniendum
665 2384 719 2435 rell.
818 2383 954 2449 aperuistis
971 2384 1006 2432 H.
1074 2448 1080 2459 α
1165 2380 1188 2432 6.
1208 2383 1238 2432 T.
1256 2399 1303 2432 om.
1322 2383 1382 2458 Pet.

180 2449 243 2499 Serti
257 2451 345 2498 HTE:
364 2451 438 2515 Sergi
448 2452 483 2511 P;
501 2452 574 2500 Sexti
584 2454 604 2500 δ.
706 2452 729 2499 8,
747 2448 867 2513 acciperet
879 2449 954 2498 PHs:
974 2455 1089 2513 acceperat
1100 2448 1170 2496 ΤΕσ.
1266 2463 1309 2524 Ura.
1327 2463 1381 2497 sme

179 2515 399 2630 bttltttt‘l
442 2583 507 2632 na
523 2514 1003 2631 &amimampuggggffiryzr
1016 2514 1071 2628 'lli
1098 2581 1153 2640 <aa
1170 2521 1383 2642 {himerii

179 2597 220 2710 (1⁸7⁴,
238 2647 267 2694 in
279 2619 381 2696 mortale
393 2598 441 2696 H.p
495 2619 584 2712 iniquo
594 2661 643 2696 esse
653 2649 733 2697 vitam
744 2619 878 2710 dampnati
889 2646 924 2695 H.
992 2616 999 2628 ο
1073 2617 1079 2629 ⁶
1154 2617 1160 2630 ⁸
1260 2596 1286 2643 g·
1374 2616 1381 2628 ·

216 2775 237 2810 1.
253 2769 347 2812 leons:
372 2778 406 2813 sc.
422 2763 493 2827 Lago
513 2763 539 2812 di
560 2763 680 2821 Castello‚
702 2762 752 2811 and
840 2775 878 2809 ιο.
895 2769 1078 2811 reservetur
1094 2763 1123 2812 cs.
1135 2763 1188 2812 Att.
1200 2763 1217 2812 i.
1228 2761 1265 2810 16.
1278 2776 1293 2825 9
1306 2776 1381 2823 erras,

184 2828 254 2892 Lago
266 2829 291 2876 di
302 2828 386 2878 Nemi.
450 2833 454 2841 ‘
804 2827 891 2886 Clodi,
909 2843 960 2877 non
980 2834 1005 2877 te
1025 2826 1119 2878 iudices
1138 2829 1202 2888 urbi,
1223 2828 1266 2878 sed
1286 2829 1380 2878 carceri

213 2900 299 2944 fines:
324 2892 447 2958 ετεμένη,
466 2894 498 2944 ci.
513 2895 624 2944 Macrob.
645 2894 681 2943 iii.
698 2905 721 2956 7.
737 2892 752 2942 6
804 2899 974 2942 reservarunt.

181 2959 273 3008 animal
293 2976 389 3009 sacrum
411 2996 417 3009 .
436 2996 443 3010 .
462 2996 469 3008 .
489 2960 622 3025 abigebant
640 2961 672 3009 ad
683 2960 754 3026 fines
840 2971 877 3005 11.
911 2963 1099 3009 satellitibus:
1132 2959 1157 3008 in
1188 2959 1231 3008 the
1263 2959 1382 3023 speeches

181 3024 292 3085 deorum,
304 3027 393 3089 quibus
403 3041 500 3076 sacrum
511 3034 581 3076 essct.
804 3023 897 3087 always
908 3023 933 3071 in
945 3039 960 3072 a
972 3024 1022 3073 bad
1034 3040 1111 3084 sense,
1124 3041 1157 3074 sc.
1174 3049 1194 3065 =
1210 3025 1317 3089 ‘hanger
1329 3023 1381 3084 on,'

215 3103 238 3150 5.
256 3097 428 3142 nuendum:
447 3092 479 3141 cf.
491 3093 582 3141 Ascon.
595 3106 634 3152 32.
805 3089 945 3139 ‘creature'
979 3090 1030 3138 For
1049 3090 1091 3139 the
1110 3091 1183 3139 other
1203 3106 1271 3140 sense
1289 3090 1319 3138 of
1337 3090 1381 3138 the

213 3153 238 3203 6.
256 3162 286 3204 τ.
300 3162 392 3205 serti:
413 3157 426 3205 I
442 3158 501 3207 read
517 3158 578 3206 with
590 3158 672 3215 HTE,
686 3157 754 3206 since
804 3155 873 3204 word
886 3155 916 3203 cs.
929 3155 988 3218 Leg.
1001 3156 1017 3204 i.
1031 3154 1061 3204 26
1073 3171 1157 3204 sensus
1167 3163 1295 3221 tamquam
1311 3156 1381 3204 satel-

181 3219 232 3269 this
243 3221 265 3270 is
275 3237 345 3270 more
356 3222 435 3286 likely
443 3231 469 3271 to
481 3224 512 3272 be
522 3221 632 3286 changed
642 3231 669 3271 to
680 3222 755 3285 Sergi
804 3221 860 3269 lites
872 3221 982 3268 attribuit
994 3236 1024 3270 ac
1035 3222 1142 3271 nuntios.

181 3286 241 3335 than
253 3287 395 3347 nicetem,
407 3289 438 3337 cs.
448 3289 517 3337 Verr.
529 3288 556 3336 ii.
570 3301 625 3351 119,
638 3290 685 3336 Cn.
695 3290 754 3336 Ser·
838 3290 901 3335 eine
912 3290 1096 3347 ineuntem,
1107 3292 1168 3337 tro:
1186 3285 1218 3336 cf.
1233 3291 1245 3346 5
1260 3300 1299 3350 53,
1329 3285 1382 3335 For

181 3352 505 3413 tium,wheresevereldett.
510 3352 568 3415 give
577 3355 622 3402 Cn.
628 3354 753 3415 Sergium.
805 3350 847 3401 the
859 3350 927 3413 topic
943 3366 983 3400 see
999 3352 1060 3415 Leg.
1075 3352 1101 3401 ii.
1117 3368 1148 3415 42
1165 3368 1271 3416 quorum
1287 3352 1382 3401 scelere

214 3423 247 3467 tn
257 3423 376 3476 primia:
396 3419 500 3468 ‘Cicero
516 3418 577 3468 does
592 3425 635 3466 not
651 3434 694 3466 use
705 3419 754 3468 this
805 3417 938 3480 religiones
945 3426 997 3465 tum
1004 3425 1139 3482 prostratae
1146 3418 1382 3481 sunt...sepultnra

181 3483 270 3548 phrase
281 3483 344 3533 until
356 3483 419 3533 aster
430 3484 469 3533 hie
479 3490 562 3533 return
571 3484 635 3533 from
645 3483 754 3533 Rhodes.
806 3490 832 3533 et
843 3482 914 3530 iustis
925 3484 1096 3548 exsequiamm
1107 3494 1243 3533 caruerunt.

181 3550 211 3598 In
225 3549 263 3598 his
274 3549 374 3599 earliest
385 3549 502 3614 speeches
511 3549 543 3598 he
555 3550 687 3614 employed
698 3565 755 3598 cum
841 3561 880 3608 13.
897 3552 1011 3598 funere:
1029 3549 1156 3613 generally
1171 3550 1245 3598 taken
1262 3554 1289 3599 to
1307 3563 1382 3597 mean

176 3615 274 3679 primis
293 3616 343 3664 and
361 3630 463 3672 summe,
485 3615 547 3664 both
567 3616 595 3663 os
612 3615 694 3665 which
714 3630 755 3664 are
807 3613 891 3662 ‘bier’
902 3613 935 3678 by
945 3613 1002 3664 edd.
1018 3613 1075 3663 who
1091 3630 1208 3677 compare
1221 3614 1286 3663 Suet.
1302 3615 1382 3663 Dom.

181 3695 235 3729 rare
246 3681 271 3728 in
283 3682 322 3730 his
333 3680 397 3730 later
408 3681 527 3745 writings.
561 3681 616 3730 The
633 3681 684 3731 first
699 3697 755 3730 case
809 3693 837 3741 15
848 3679 930 3728 evenit
939 3686 966 3728 ut
978 3715 985 3728 .
996 3717 1003 3730 .
1016 3679 1228 3741 .deiectofimere
1237 3679 1383 3728 semiustum

182 3746 212 3794 oi
220 3746 249 3794 in
256 3746 352 3808 primis
364 3747 384 3795 is
396 3747 470 3796 Rosc.
480 3745 596 3811 Com.9'
617 3745 758 3813 [Landgraf
807 3744 911 3794 cadaver
932 3745 1095 3810 discerperent
1115 3761 1195 3795 canes.
1229 3746 1302 3794 More
1323 3760 1382 3809 pro·

182 3811 437 3876 onuose.nm.13].
806 3809 884 3871 bably
900 3809 1080 3874 it=⁴luneral,’
1098 3812 1144 3860 te.
1165 3812 1207 3861 the
1228 3811 1334 3874 bnming
1355 3809 1386 3859 of

216 3877 239 3925 8.
256 3884 377 3926 vnlnu:
396 3894 424 3927 as
440 3877 463 3926 if
475 3878 518 3927 the
533 3876 584 3926 first
595 3878 687 3926 wound
704 3877 754 3926 had
805 3876 848 3925 the
864 3874 939 3924 bod.
973 3877 1067 3926 Colson
1083 3885 1170 3940 quotes
1187 3876 1254 3925 Serv.
1268 3891 1301 3924 on
1318 3879 1382 3925 Aen.

182 3942 246 3991 been
257 3943 328 4003 fatal,
340 3943 371 3993 cs.
386 3949 397 4003 t
413 3959 443 4008 ²9
455 3961 481 3993 n.
805 3941 831 3989 ii.
844 3953 893 4004 539
915 3958 984 3990 unm
994 3950 1031 3990 est
1042 3942 1094 3991 iam
1105 3943 1197 3991 ardens
1207 3942 1319 3991 cadaver.

215 4014 371 4066 acciperet:
389 4009 431 4059 the
442 4009 513 4074 impl,
522 4009 544 4057 is
554 4023 681 4071 necessary
689 4009 756 4058 since
841 4019 880 4068 14.
896 4012 1075 4058 celebritate:
1088 4007 1199 4056 ‘solemn
1207 4005 1381 4072 assemblage‚’

182 4090 241 4122 casu
250 4073 352 4138 factum
370 4082 400 4124 ut
416 4077 585 4140 accip.=cam
602 4075 700 4139 accepit,
715 4089 755 4124 see
808 4072 866 4131 §66
878 4089 904 4123 n.

184 4141 244 4188 RH.
257 4156 281 4188 n.
294 4149 350 4205 479.
385 4142 436 4189 For
447 4146 489 4188 the
500 4140 595 4188 variant
606 4140 728 4203 cl.§9n.
841 4151 879 4202 ¹5·
897 4142 1009 4188 chrima
1037 4143 1111 4187 viat:
1145 4138 1184 4188 sor
1210 4137 1254 4188 the
1281 4137 1381 4187 ancient

214 4211 427 4256 taeterrimam:
445 4206 534 4255 Cicero
541 4205 628 4254 dwells
635 4221 702 4269 upon
712 4203 755 4253 the
805 4205 921 4254 worthies
933 4203 963 4252 of
973 4202 1016 4252 the
1031 4204 1157 4254 Claudian
1174 4204 1252 4253 house
1263 4203 1294 4253 cf.
1308 4203 1381 4253 Cael.

183 4269 271 4319 horror
283 4271 312 4319 os
320 4272 359 4320 his
370 4271 453 4332 death,
465 4272 533 4319 since
544 4271 575 4319 he
586 4272 607 4320 is
624 4286 657 4320 no
668 4270 755 4335 longer
805 4284 845 4333 33,
859 4285 898 4334 34.

183 4336 262 4384 afraid
274 4336 303 4386 os
312 4336 466 4401 prejudicing
477 4336 543 4385 Milo
553 4337 662 4400 thereby,
680 4353 707 4386 as
722 4337 754 4386 he
841 4349 877 4398 ιγ.
897 4341 1019 4385 nortem
1031 4373 1037 4386 .
1051 4371 1058 4385 .
1071 4373 1077 4385 .
1088 4339 1227 4384 haereti:
1246 4336 1254 4361 ⁴
1261 4332 1383 4396 mangled

183 4417 235 4451 was
257 4402 316 4465 only
334 4404 376 4452 the
395 4404 542 4451 instrument
562 4402 590 4452 oi
610 4403 651 4452 the
671 4403 754 4452 divine
805 4402 834 4450 in
850 4399 942 4451 doeth!
976 4401 1027 4449 For
1042 4401 1085 4450 the
1101 4401 1268 4451 construction
1287 4399 1383 4448 Krebs·

183 4481 328 4532 vengeance.
805 4467 876 4534 Allg.
900 4482 1016 4534 compare
1046 4467 1152 4517 dolorem
1174 4465 1229 4516 eius
1252 4466 1384 4528 consolari,
