2926 4928
173 329 218 398 92
525 312 574 377 M.
612 312 641 375 Τ
641 311 756 376 ULLI
781 309 1038 377 CICERONIS

178 486 366 570 (oneribus)
380 487 543 570 gentibus.
581 489 736 572 aquibus
752 507 818 552 non
835 488 1008 572 potuisse?
1032 487 1074 551 ab
1091 485 1139 564 iis,
1155 484 1211 570 qui
1228 483 1376 548 maxime

111 612 162 658 103
178 592 213 655 P.
237 591 335 656 Clodi
358 601 465 656 morte
488 590 690 675 acquierunt.
735 590 813 674 Quo
836 591 1059 674 deprecante?
1082 611 1145 654 me.
1191 589 1374 672 Quodnam

176 714 239 778 ego
270 695 406 777 concepi
440 703 571 759 tantum
605 695 711 760 scelus
742 705 798 758 aut
829 697 920 778 quod
953 695 985 757 in
1013 716 1068 758 me
1092 703 1224 759 tantum
1247 692 1375 756 facinus

175 798 304 875 admisi,
337 799 470 877 iudices
508 818 584 863 cum
618 799 675 861 illa
711 798 830 862 indicia
869 799 1055 862 communis
1089 797 1173 861 exiti
1210 795 1374 877 indagavi,

175 902 325 983 patefeci,
341 901 473 986 protuli,
490 903 660 966 exstinxi?
706 902 832 967 Omnes
848 902 928 965 mihi
949 903 1098 984 meisque
1118 901 1306 964 redundant
1329 919 1374 961 ex
1390 911 1404 960 5

175 1005 267 1069 fonte
289 1005 347 1069 illo
370 1005 510 1068 dolores.
556 1006 646 1089 Quid
671 1027 725 1069 me
746 1006 900 1070 reducem
919 1026 992 1069 esse
1011 1005 1184 1069 voluistis?
1208 1024 1250 1067 an
1271 1013 1307 1066 ut
1326 1003 1374 1064 in-

175 1119 349 1191 spectante
365 1129 418 1173 me
435 1109 678 1191 expellerentur
688 1109 718 1182 ii,
731 1131 790 1193 per
805 1130 888 1193 quos
904 1128 1009 1173 essem
1022 1109 1216 1172 restitutus?
1250 1105 1376 1183 Nolite,

175 1213 313 1277 obsecro
336 1234 404 1289 vos,
429 1211 631 1276 acerbiorem
663 1212 745 1276 mihi
775 1214 845 1295 pati
862 1214 1018 1277 reditum
1043 1232 1124 1290 esse,
1150 1231 1251 1294 quam
1276 1210 1376 1272 fuerit

176 1315 232 1380 ille
255 1317 325 1399 ipse
348 1316 530 1391 discessus3
553 1337 630 1380 nam
647 1316 703 1399 qui
719 1337 855 1401 possum
878 1326 993 1399 putare
1015 1337 1069 1379 me
1084 1315 1274 1378 restitutum
1292 1333 1376 1390 esse,

113 1422 164 1490 38
178 1420 206 1483 si
229 1419 396 1485 distrahor
420 1420 464 1483 ab
490 1420 540 1495 ais,
567 1441 626 1504 per
650 1441 733 1505 quos
758 1421 928 1486 restitutus
950 1419 1049 1484 sum?
1094 1420 1233 1484 Utinam
1257 1419 1292 1482 di
1313 1417 1375 1480 im·
1393 1436 1423 1474 ιο

177 1524 332 1588 mortales
356 1523 509 1589 fecissent
534 1521 630 1609 (pace
655 1534 723 1602 tua,
747 1525 863 1609 patria,
891 1524 1054 1602 dixerim;
1081 1532 1194 1587 metuo
1219 1522 1308 1585 enim
1333 1542 1377 1585 ne

174 1629 332 1694 scelerate
361 1629 469 1692 dicam
500 1629 532 1691 in
562 1637 605 1707 te,
635 1630 725 1711 quod
756 1649 816 1711 pro
843 1629 970 1707 Milone
996 1629 1105 1691 dicam
1132 1624 1376 1710 piel—utinam

176 1733 213 1802 P.
230 1732 367 1798 Clodius
388 1752 454 1794 non
477 1733 577 1795 modo
592 1733 727 1812 viveret,
741 1733 799 1797 sed
816 1732 917 1796 etiam
933 1741 1073 1814 praetor,
1092 1730 1216 1808 consul,
1231 1731 1378 1795 dictator

108 1850 162 1895 104
175 1844 261 1901 esset
277 1836 397 1919 potiuS,
412 1855 512 1918 quam
532 1834 595 1900 hoc
613 1835 836 1917 spectaculum
852 1834 1019 1899 viderem!
1065 1833 1095 1899 Ο
1112 1835 1146 1898 di
1163 1833 1379 1910 immortales,

175 1941 294 2003 fortem
325 1948 358 2002 et
384 1960 404 2002 a
434 1939 539 2012 vobis,
572 1939 706 2016 iudices
737 1940 998 2004 conservandum
1032 1939 1159 2002 virum!
1205 1939 1427 2017 ‘Minime‚15-

211 2105 232 2140 1.
249 2108 265 2141 a
283 2091 373 2156 quibus
389 2108 439 2140 non
456 2093 584 2156 potuisset
613 2093 646 2141 ab
663 2093 694 2142 iis
711 2093 769 2155 Ηςχ
787 2092 840 2157 [nis
856 2108 902 2156 pro
920 2091 961 2152 iis,
979 2100 1007 2140 ut
1024 2089 1125 2154 saepe]:
1153 2105 1204 2140 nan
1215 2091 1326 2154 patur'sre
1344 2090 1379 2139 iis

176 2157 229 2223 [tris
246 2157 280 2220 E]
299 2157 359 2217 TE;
381 2173 432 2205 nan
443 2157 569 2221 patuisset
588 2158 621 2206 e‘r's
638 2159 704 2222 vulg.

175 2224 238 2272 mihi
250 2222 359 2287 meisque
372 2223 414 2271 H:
432 2222 461 2271 in
473 2239 510 2271 me
521 2239 630 2288 natasque
641 2224 695 2273 rell.

169 2296 264 2354 putare
276 2289 306 2336 T.
356 2304 409 2337 esse
420 2304 468 2336 om.
480 2288 516 2337 H.

799 2173 820 2206 a.
837 2174 887 2222 quo
900 2158 955 2207 Hb:
974 2157 1041 2222 quad
1049 2156 1103 2205 TE.
1192 2169 1215 2219 5.
1227 2156 1329 2219 pertuli
1340 2155 1378 2205 H.

850 2238 872 2286 7.
889 2224 908 2272 ii
922 2223 962 2271 T:
980 2221 1022 2269 nti
1032 2221 1074 2280 Η;
1090 2221 1121 2270 ni
1131 2221 1162 2270 E.
1299 2236 1322 2285 9.
1340 2237 1379 2270 me

617 2302 653 2338 10.
673 2289 797 2339 distrahor
808 2289 865 2338 Hs:
884 2287 1016 2337 distrahar
1027 2287 1081 2335 TE.
1121 2287 1152 2334 iis
1162 2285 1217 2335 edd.
1228 2303 1234 2335 z
1252 2285 1292 2334 nis
1303 2287 1378 2336 codd.

179 2368 216 2416 1-3.
233 2359 340 2417 praetor,
352 2353 437 2402 consul
451 2354 505 2403 Hs:
517 2355 654 2418 proconsul
662 2355 718 2404 TE.
784 2368 823 2418 14.
840 2354 939 2419 potius:
957 2360 1015 2402 ante
1026 2353 1047 2400 δ.
1129 2364 1167 2415 15.
1184 2352 1271 2400 virum
1283 2367 1378 2401 ranser-

174 2420 296 2480 uandum,
308 2417 409 2480 iudices,
421 2418 457 2467 H.

210 2564 230 2601 1.
248 2567 265 2600 a
287 2555 390 2608 quibua
459 2587 464 2599 .
482 2556 517 2599 ab
536 2556 590 2601 fle:
617 2567 650 2600 sc.
673 2551 749 2601 tueri.

175 2616 263 2666 Cicero
278 2631 387 2665 assumes
402 2617 456 2665 that
471 2617 512 2665 the
523 2615 603 2680 Jurors
619 2633 660 2666 are
673 2617 750 2680 going

175 2691 203 2731 to
214 2682 335 2732 condemn
348 2681 421 2742 Milo,
429 2682 479 2730 and
487 2697 516 2730 so
526 2682 650 2746 naturally
661 2682 750 2746 speaks

176 2747 205 2796 oi
221 2748 359 2811 protecting
378 2747 430 2795 him
450 2747 514 2795 from
534 2747 610 2806 them,
631 2763 660 2796 so
683 2763 749 2811 supr.

175 2813 310 2862 nonenim
329 2812 422 2860 inimici
442 2813 531 2861 meite
550 2813 617 2862 nn'ke'
635 2813 750 2876 eripient,

175 2879 219 2927 sed
236 2877 390 2936 amicissimi,
407 2877 438 2927 cf.
454 2878 485 2927 de
503 2878 555 2926 inv.
571 2879 587 2927 i.
606 2892 651 2942 109
666 2879 751 2928 tertius

175 2943 285 2992 decimus
309 2941 409 3006 (locus),
433 2958 477 3007 per
498 2959 571 3007 quem
594 2960 650 2992 cum
670 2943 751 3007 indig-

175 3009 275 3058 natione
284 3008 461 3072 conquen‘mur,
471 3008 537 3072 quod
546 3009 577 3056 ab
585 3009 626 3068 iis,
636 3009 751 3073 aquibus

161 3074 282 3122 'menime
297 3074 434 3134 conventu,
454 3073 517 3123 male
536 3079 679 3135 tractentur,
690 3080 749 3138 pra·-

172 3139 287 3203 pr'nque'r,
300 3139 395 3199 anaicis,
407 3143 452 3189 &e
472 3140 522 3188 For
530 3138 573 3188 the
584 3140 749 3188 construction

176 3203 512 3268 cf.§91abea...farum
527 3204 632 3269 defendi.
667 3205 750 3254 Icau-

176 3277 220 3318 not
232 3284 271 3318 see
283 3269 325 3318 the
337 3269 402 3319 soree
414 3270 443 3319 oi
452 3268 576 3333 Madvig’s
585 3269 709 3332 objection
722 3276 750 3319 to

176 3333 225 3383 this
237 3334 345 3398 reading,
353 3331 411 3384 'thet
427 3351 442 3384 a
457 3335 545 3399 quibus
559 3334 633 3385 could
648 3335 708 3400 only
718 3335 750 3384 be

175 3399 236 3449 used
257 3399 301 3448 ‘oi
316 3399 358 3450 the
377 3415 482 3462 accuser,
504 3401 611 3449 orosa
630 3400 702 3450 venai
722 3415 751 3448 or

175 3463 365 3528 biassedjuror!

211 3543 232 3579 a.
250 3537 417 3587 quaenam.
442 3566 449 3579 .
470 3567 476 3579 .
499 3533 626 3581 eninm:
658 3531 708 3580 this
729 3530 751 3580 is

176 3610 192 3643 a
203 3597 376 3660 reproduction
386 3595 416 3645 *oi
424 3613 439 3645 a
451 3611 555 3660 passage
565 3597 590 3644 in
600 3595 642 3645 the
653 3612 750 3660 perora·

174 3661 228 3710 tion
246 3661 275 3709 of
287 3660 329 3711 the
345 3676 391 3726 pro
408 3661 497 3722 Sestio,
511 3674 556 3725 145
568 3661 635 3725 quod
650 3668 751 3710 tanatum

175 3734 212 3774 est
224 3726 248 3773 in
260 3742 300 3775 me
311 3727 405 3775 scelus?
421 3726 481 3791 quid
492 3735 564 3776 tanto
576 3742 650 3790 opere
658 3726 752 3790 deliqui

176 3790 229 3851 illo,
241 3791 288 3840 illo
302 3791 351 3852 die,
363 3808 419 3840 cuna
434 3791 466 3840 ad
478 3807 522 3840 vos
536 3791 635 3850 indicia,
648 3791 751 3854 litteras,

125 3864 128 3869 ’
175 3856 339 3906 consessiones
351 3856 488 3906 camneune's
498 3859 563 3906 exiti
573 3857 670 3907 detuli?

210 3934 232 3984 5.
250 3926 325 3969 mihi
336 3927 475 3979 memque:
493 3940 509 3970 a
520 3923 571 3972 dat.
583 3922 751 3982 incommodi,

175 3986 207 4036 ci.
225 3987 256 4050 Q.
274 3987 303 4035 F.
319 3987 354 4035 iii.
373 4002 396 4051 9.
418 4001 428 4034 t
450 3988 517 4052 quod
537 3988 637 4052 quidem
659 3989 751 4038 bonum

176 4051 243 4101 mini
258 4068 323 4101 nunc
339 4052 443 4116 denique
459 4053 590 4114 redundat,
603 4055 659 4104 Cat.
678 4053 704 4103 ii.
720 4068 750 4116 29

176 4134 207 4166 ne
231 4118 289 4181 quid
312 4117 419 4167 invidiae
442 4119 509 4166 milri
531 4120 556 4166 in
580 4119 750 4183 posteritatem

177 4183 335 4232 redundaret.
369 4183 424 4233 The
446 4199 562 4232 common
584 4185 750 4234 construction

176 4248 237 4297 with
258 4249 286 4296 in
303 4248 353 4297 and
374 4247 416 4297 the
438 4265 517 4299 accus.
539 4249 584 4298 has
606 4267 622 4299 a
648 4249 751 4314 slightly

177 4313 289 4363 different
320 4314 443 4378 meaning,
473 4314 522 4363 and
549 4330 674 4379 expresses
707 4315 750 4366 the

176 4378 296 4428 direction
311 4377 393 4440 taken,
405 4395 427 4429 e.
436 4397 461 4444 g.
473 4381 504 4428 de
516 4380 559 4430 Or.
571 4382 587 4429 i.
600 4395 614 4442 3
627 4380 749 4436 fluctibus,

176 4444 218 4509 qui
235 4460 279 4510 per
295 4461 341 4495 nos
358 4461 373 4494 a
390 4446 516 4496 communi
527 4454 596 4511 peste
608 4447 706 4512 depulsi
721 4446 750 4496 in

800 2559 898 2601 nosmet
909 2552 977 2616 ipsos
988 2550 1165 2600 redundarent.
1194 2549 1265 2599 With
1274 2550 1316 2600 the
1328 2550 1381 2600 dat.

801 2617 842 2667 the
854 2624 927 2666 stress
935 2623 996 2665 rests
1004 2631 1071 2680 upon
1083 2615 1191 2679 exfante
1200 2615 1258 2674 illa;
1270 2616 1331 2665 with
1338 2616 1381 2665 the

800 2699 880 2732 accus.
893 2699 925 2731 on
938 2683 966 2731 in
978 2698 1015 2730 me
1026 2697 1142 2745 measque.

836 2757 858 2811 7.
875 2753 913 2798 fl:
936 2763 952 2796 a
970 2746 1101 2796 rhetorical
1121 2745 1213 2810 plural,
1227 2746 1294 2796 since
1312 2745 1381 2795 Milo

802 2812 875 2863 alone
886 2814 908 2862 is
919 2813 944 2861 in
956 2812 1065 2876 danger;
1083 2811 1219 2875 ci.§17n.

837 2892 874 2928 10.
892 2883 1057 2928 &nubere
1075 2877 1118 2926 the
1134 2877 1267 2926 indicative
1279 2876 1300 2923 is
1310 2891 1381 2926 more

802 2943 877 3004 vivid,
895 2960 922 2993 as
941 2942 1063 3006 implying
1082 2943 1137 2991 that
1154 2943 1219 2991 Milo
1238 2943 1260 2990 is
1277 2942 1381 3006 already

802 3009 877 3073 being
889 3015 944 3059 torn
954 3024 1039 3072 away:
1057 3007 1089 3058 cf.
1104 3011 1116 3066 5
1128 3022 1161 3072 99
1170 3023 1196 3057 n.

836 3088 874 3138 15.
891 3089 908 3123 a.
918 3079 1000 3123 vobis
1015 3079 1256 3122 enumerandum:
1272 3089 1380 3130 asome-

801 3139 869 3189 what
890 3155 943 3188 rare
965 3138 1130 3188 construction
1150 3139 1176 3187 in
1196 3138 1269 3204 place
1289 3138 1319 3188 of
1338 3138 1381 3189 the

801 3205 873 3254 usual
889 3205 987 3263 dative;
1005 3203 1036 3253 cf.
1054 3205 1124 3253 Fam.
1142 3221 1182 3253 xv.
1200 3220 1225 3268 4.
1245 3217 1272 3251 11
1291 3203 1380 3253 admo·

800 3271 909 3320 neudum
926 3271 1011 3335 potius
1025 3277 1050 3318 te
1065 3285 1082 3317 a
1097 3285 1140 3346 me·
1149 3284 1224 3334 quam
1239 3270 1379 3333 rogandum

801 3334 1114 3460 ddtghmihdidQPIddedo
1119 3335 1379 3464 elathldidsodmthiegusidyg

801 3482 854 3530 eg.
866 3466 928 3515 with
939 3467 1011 3515 verbs
1022 3465 1105 3514 which
1115 3481 1207 3528 govem
1219 3465 1261 3515 the
1273 3466 1332 3525 dat,
1346 3465 1378 3516 cf.

802 3531 867 3595 Imp.
880 3531 967 3595 Pomp.
978 3530 1091 3596 6quibus
1102 3539 1138 3580 est
1148 3547 1165 3578 a
1177 3532 1247 3580 vobis
1259 3568 1265 3580 .
1279 3567 1286 3582 .
1299 3567 1305 3580 .
1319 3547 1377 3580 con·

802 3597 939 3657 selendum,
949 3612 978 3645 or
988 3604 1015 3645 to
1030 3595 1169 3660 emphasise
1186 3597 1228 3645 the
1244 3612 1334 3660 person
1352 3597 1382 3646 of

802 3662 844 3712 the
852 3668 934 3726 agent,
944 3661 1046 3711 ashere.
1069 3662 1120 3710 For
1128 3660 1169 3710 the
1176 3661 1302 3711 literature
1308 3677 1377 3726 upon

802 3729 845 3777 the
855 3727 950 3790 subject
965 3743 1005 3777 see
1016 3727 1076 3777 RH.
1087 3742 1111 3776 n.
1125 3728 1180 3789 581.
1207 3727 1262 3776 The
1273 3743 1378 3792 passage

801 3793 900 3856 usually
916 3793 1009 3857 quoted
1026 3792 1090 3841 from
1107 3792 1172 3856 imp.
1191 3792 1278 3856 Pomp.
1299 3807 1329 3841 ao
1346 3809 1378 3842 ne

801 3857 865 3907 forte
876 3875 892 3907 a
909 3858 980 3907 vobis
991 3894 998 3909 .
1010 3893 1017 3906 .
1030 3896 1036 3907 .
1048 3858 1227 3907 contemnenda
1243 3873 1297 3907 esse
1308 3857 1376 3908 vide·

801 3930 880 3984 antur,
894 3923 915 3972 is
926 3930 971 3972 not
982 3930 1009 3972 to
1023 3923 1066 3972 the
1075 3923 1153 3986 point,
1166 3923 1273 3972 sincera
1286 3923 1377 3971 should

801 3989 833 4038 be
842 3990 915 4039 read:
933 3989 965 4040 ci.
977 3987 1072 4038 Anecd.
1084 4004 1109 4052 p.
1122 3987 1164 4037 liv.
1193 3989 1345 4038 Conseruere
1357 3989 1378 4036 is

801 4055 922 4118 specially
940 4055 1001 4103 used
1022 4052 1049 4102 in
1070 4055 1214 4103 connection
1233 4055 1294 4102 with
1318 4053 1377 4102 civil

801 4128 886 4179 status,
903 4135 954 4184 eg.
968 4120 1037 4169 Verr.
1049 4119 1074 4168 ii.
1089 4119 1120 4182 76
1132 4120 1233 4170 retinete
1249 4119 1376 4169 hominem

801 4185 830 4233 in
852 4185 953 4234 ciuitate
964 4221 970 4233 .
982 4221 989 4232 .
1001 4221 1008 4233 .
1019 4184 1112 4248 parcite
1134 4191 1160 4234 et
1180 4192 1328 4245 caruervate,
1348 4200 1376 4233 so

801 4250 857 4300 Clu.
869 4264 925 4308 200,
934 4250 1018 4299 Plane.
1030 4263 1083 4312 104.
1112 4249 1146 4299 So
1155 4249 1209 4300 also
1218 4251 1246 4299 of
1254 4249 1376 4315 restoring

800 4315 883 4375 exiles,
893 4316 970 4366 Marc.
983 4329 1014 4364 20
1022 4315 1075 4364 noli
1086 4315 1112 4363 in
1120 4315 1294 4365 conservandis
1304 4317 1377 4365 bonis

800 4381 859 4430 viris
870 4381 1008 4444 defatigari.

832 4451 957 4496 iudicas:
976 4446 989 4496 I
1000 4447 1078 4497 retain
1090 4447 1140 4499 this
1151 4445 1254 4497 wardia
1264 4447 1296 4496 its
1305 4447 1377 4498 usual
