2926 4928
437 341 496 408 ru
524 320 597 410 ou.
622 343 722 408 PRO
750 343 950 411 MILONE.
1225 315 1290 433 123

85 516 233 601 singulis,
248 538 315 582 non
338 518 381 582 de
402 517 549 603 pluribus
572 539 637 584 una
659 518 823 583 sententia
845 519 1017 583 diceretur.
1063 519 1110 583 Et
1132 519 1188 585 illa
1210 541 1290 606 ergo

85 622 259 698 sententia,
274 643 360 705 quae
383 644 481 688 causa
501 622 638 688 Milonis
653 623 825 700 serebatur,
839 622 932 706 quasi
951 643 1018 687 non
1037 633 1108 687 erat
1126 624 1291 709 simplex;

85 745 164 789 narn
176 727 244 790 duo
256 727 525 810 conplectebatur
537 751 545 807 ;
566 736 602 793 ut
617 738 650 792 et
664 727 829 791 veteribus
842 726 970 809 legibus
986 737 1020 792 et
1032 738 1129 791 extra
1141 730 1290 794 ordinem

84 840 303 912 quaereretur.
350 831 437 897 Huic
461 833 644 896 sententiae
667 831 747 896 dicit
762 831 809 894 M.
826 829 956 894 Tullius
979 831 1211 911 intercessum
1236 842 1285 896 at·

57 960 71 1010 5
85 954 151 1016 que
166 934 212 997 ita
227 933 360 1011 factum,
377 944 415 1000 ut
430 947 527 1000 extra
542 937 692 1001 ordinem
708 935 843 1017 quidem
859 944 1079 1017 quaereretur,
1096 945 1289 1000 nontamen

83 1045 225 1117 vetusta,
251 1039 309 1103 sed
340 1061 427 1104 nova
456 1040 530 1124 lege
560 1040 730 1122 Pompeia.
775 1039 839 1104 Pro
870 1037 997 1102 Milone
1026 1048 1137 1103 autem
1164 1039 1290 1104 obnixe

84 1140 251 1207 laborasse
266 1142 308 1226 Q.
326 1143 526 1209 Hortensius
541 1144 723 1208 videbatur.

130 1314 214 1398 §m
237 1314 435 1392 Tribunus
459 1315 507 1400 pl.
535 1316 582 1379 M.
614 1316 765 1379 Drusus
792 1314 944 1378 occisus
968 1322 1036 1378 est.

129 1443 176 1507 Et
194 1442 256 1509 hac
286 1432 499 1528 responsione
528 1455 642 1511 contra
675 1443 911 1527 praeiudicium
943 1443 1055 1507 multis
1086 1452 1119 1506 et
1149 1443 1290 1509 sortibus

41 1578 72 1612 lo
85 1547 249 1628 exemplis
274 1548 465 1613 inmoratur.
510 1547 565 1612 Ac
595 1547 702 1631 primo
733 1547 867 1629 quidem
898 1547 980 1612 dicit
1009 1547 1052 1611 de
1082 1547 1203 1626 Drus0‚
1233 1549 1289 1631 qui

85 1649 273 1714 consulibus
301 1651 410 1718 Sexto
438 1651 580 1716 Caesare
606 1661 640 1716 et
665 1649 818 1733 Philippo
848 1671 923 1714 cum
953 1661 1064 1734 partes
1093 1662 1226 1715 senatus
1256 1652 1289 1714 in

85 1754 254 1818 tribunatu
285 1775 346 1818 suo
377 1766 491 1820 contra
524 1754 656 1838 plebem
691 1753 907 1837 suscepisset3
945 1754 1034 1818 idem
1064 1774 1143 1817 vero
1173 1765 1291 1838 postea

84 1857 200 1920 volens
229 1858 406 1941 gratificari
436 1860 532 1924 sociis
562 1869 595 1924 et
627 1859 755 1922 Latinis
788 1857 957 1920 civitatem
988 1857 1178 1921 Romanam
1212 1879 1289 1942 pro·

86 1961 238 2040 misisset,
269 1964 313 2026 ad
343 1972 531 2028 extremum
561 1963 709 2027 eiusdem
739 1960 984 2046 pollicitationis
1015 1959 1204 2044 implendae
1233 1963 1290 2026 de·

40 2095 71 2145 1⁵
86 2065 272 2146 speratione
287 2076 494 2147 praeventus,
507 2067 540 2130 in
551 2068 636 2132 atrio
652 2067 771 2131 domus
786 2085 865 2129 suae
880 2064 1003 2129 incerto
1014 2084 1081 2146 quo
1098 2085 1289 2148 percussore

85 2168 256 2232 confossus
271 2178 330 2233 est.

130 2314 171 2379 ib.
196 2314 290 2380 Cum
321 2317 356 2381 P.
383 2295 575 2384 Africano
599 2317 704 2382 domi
729 2338 822 2382 suae
848 2316 1154 2399 conquiescenti.

131 2436 195 2502 Hic
220 2436 256 2499 P.
285 2436 397 2522 Scipio
426 2438 644 2513 Aemilianus,
671 2447 708 2502 ut
737 2439 770 2501 in
796 2456 982 2520 proxumae
1013 2438 1171 2504 orationis
1198 2460 1288 2504 com·

88 2541 252 2603 mentario
274 2542 340 2604 iam
364 2541 493 2607 locutus
516 2563 600 2619 sum,
615 2563 719 2625 quum
745 2542 939 2606 Latinorum
961 2560 1097 2605 causam
1119 2542 1289 2610 societatis

41 2662 74 2700 20
87 2644 157 2708 iure
188 2653 302 2708 contra
330 2643 366 2708 C.
399 2645 585 2711 Gracchum
610 2646 817 2710 triumvirum
844 2645 979 2728 eiusque
1009 2644 1154 2729 collegas
1180 2667 1288 2729 perse-

86 2756 237 2811 veranter
251 2747 442 2813 defensurus
463 2759 558 2826 esset,
574 2771 615 2814 ne
629 2769 710 2832 ager
725 2750 870 2833 ipsorum
891 2748 1101 2828 divideretur,
1117 2751 1290 2835 repentina

87 2861 195 2916 morte
222 2852 314 2917 domi
344 2874 423 2918 suae
453 2855 655 2937 interceptus
682 2862 741 2928 est,
769 2873 836 2916 non
861 2852 945 2917 sine·
962 2851 1099 2917 infamia
1127 2863 1160 2918 et
1186 2855 1288 2936 ipsius

88 2954 125 3020 C.
150 2955 290 3020 Gracchi
313 2967 347 3022 et
370 2959 483 3023 uxoris
510 2979 589 3022 suae
616 2957 851 3041 Semproniae:
882 2956 939 3039 qui
966 2957 1111 3021 excessit
1135 2959 1203 3022 vita
1226 2979 1289 3022 sex

88 3068 121 3124 et
158 3060 400 3143 quinquaginta
430 3083 535 3128 annos
571 3073 669 3126 natus
680 3085 690 3137 ;
729 3062 761 3125 in
797 3060 932 3142 eiusque
965 3060 1117 3124 saucibus
1146 3061 1289 3146 vestigia

43 3181 73 3232 ²5
88 3162 198 3229 livoris
220 3164 353 3228 inventa
375 3175 461 3230 sunt.
508 3164 616 3250 Super
635 3166 705 3230 eius
725 3163 877 3229 laudibus
897 3172 993 3228 extat
1016 3164 1123 3227 oratio
1139 3163 1177 3228 C.
1194 3165 1289 3229 Laeli

87 3267 252 3350 sapientis,
275 3289 342 3351 qua
365 3283 442 3333 usus
464 3271 596 3335 videtur
621 3270 664 3354 Q.
688 3267 811 3334 Fabius
838 3269 1009 3333 Maximus
1037 3268 1070 3331 in
1098 3267 1288 3333 laudatione

88 3372 209 3436 mortui
240 3371 423 3456 Scipionis;
460 3374 493 3438 in
523 3370 615 3439 cuius
645 3384 796 3439 extrema
823 3381 919 3456 parte
945 3370 1027 3435 haec
1056 3372 1157 3436 verba
1189 3382 1286 3438 sunt:

88 3485 199 3554 ‘QUIA
224 3489 392 3541 PROPTER
417 3491 545 3556 NEQUE
574 3492 702 3542 TANTA
731 3491 805 3542 DIIS
832 3488 1117 3541 INMORTALIBUS
1144 3489 1287 3540 GRATIA

87 3593 229 3644 HABERI
251 3595 399 3660 POTEST,
423 3595 580 3660 QUANTA
607 3596 787 3646 HABENDA
810 3593 887 3656 EST,
910 3591 1014 3654 QUOD
1041 3590 1074 3641 Is
1097 3592 1177 3643 CUM
1202 3593 1288 3645 ILLO

39 3701 73 3752 30
85 3697 213 3749 ANIMO
242 3698 371 3763 ATQUE
402 3700 559 3751 INGENIO
587 3699 664 3750 HAC
695 3698 873 3750 CIVITATE
903 3693 1132 3746 POTISSIMUM
1163 3696 1287 3749 NATUS

45 3815 48 3820 ·
86 3802 175 3853 sss:
199 3802 330 3867 usque
346 3804 410 3854 mn
426 3802 596 3854 noneste
608 3803 736 3866 Arous
751 3802 876 3853 Aecus
891 3799 1003 3851 sunm
1015 3799 1126 3862 QUAM
1143 3799 1287 3851 FERUN-
1391 3778 1395 3786 '

85 3907 170 3957 DUM
208 3907 285 3974 EST,
319 3907 399 3960 CUM
437 3908 486 3958 EO
524 3908 652 3959 MORBO
683 3908 843 3957 MORTEM
874 3904 975 3956 OBIIT
1007 3903 1054 3952 ET
1086 3903 1127 3952 IN
1156 3903 1287 3955 EODEM

85 4010 262 4062 TEMPORE
300 4012 435 4074 PERIIT‚
467 4013 547 4066 CUM
578 4012 627 4062 ET
657 4012 765 4063 VOBIS
795 4009 843 4060 ET
873 4006 1051 4072 OMNIBUS,
1083 4006 1150 4069 QUI
1182 4007 1287 4060 HANC

85 4115 165 4166 REM
183 4115 212 4164 P.
229 4115 379 4166 SALVAM
393 4116 556 4181 VOLUNT,
573 4117 726 4167 MAXIME
741 4115 830 4167 VIVO
844 4113 937 4165 OPUS
952 4112 1028 4172 EST,
1045 4096 1243 4175 QU1R1TES.'

38 4302 71 4354 35
129 4266 212 4350 §12
237 4266 405 4331 Proinde
427 4267 538 4350 quasi
560 4267 718 4351 Appius
749 4266 817 4331 ille
849 4264 1000 4357 Caecus
1031 4258 1134 4323 viam
1165 4260 1286 4323 muni·

84 4371 194 4446 verit,
216 4391 290 4435 non
320 4391 395 4454 qua
423 4370 595 4454 populus
630 4380 813 4449 uteretur,
847 4369 915 4434 sed
950 4364 1016 4430 ubi
1051 4363 1195 4447 inpune
1227 4364 1286 4430 sui

84 4474 233 4557 posteri
266 4473 606 4539 latrocinarentur.
