2926 4928
183 346 245 395 122
528 325 740 394 SCHOLIA
771 324 1040 393 BOBIENSIA

222 503 414 569 Incendium
442 502 532 582 dicit,
564 523 632 586 quo
667 501 792 567 exarsit
826 522 893 567 non
930 501 1034 568 solum
1066 499 1174 568 clodii
1198 509 1298 582 pyra,
1330 495 1387 563 sed

180 608 269 674 curia
299 627 441 693 quoque,
462 628 536 671 cum
562 606 682 670 domus
712 606 760 669 M.
784 606 906 688 Lepidi
935 613 1130 690 oppugnata
1152 611 1250 668 esset.
1296 603 1386 666 Nam

180 711 229 776 M.
256 710 421 775 Aemilius
452 710 600 793 Lepidus
631 730 707 776 cum
734 710 923 793 interregno
954 709 1151 794 fungeretur,
1178 716 1212 771 et
1237 706 1388 790 plerique

180 816 263 880 inita
285 815 527 897 conspiratione
550 814 614 879 hoc
636 815 679 878 ab
702 834 743 879 eo
766 813 982 897 postularent,
999 813 1146 877 maxime
1168 809 1389 894 urguentibus

179 918 314 983 Milonis
329 917 611 1002 competitoribus,
624 927 661 982 ut
675 917 812 982 haberet
827 919 963 982 comitia
977 916 1181 990 consularia3
1205 913 1389 998 respondit,
1402 925 1416 975 5

178 1022 317 1089 civiliter
332 1043 398 1086 non
413 1042 510 1105 posse
525 1042 584 1106 per
598 1043 633 1085 se
649 1021 785 1086 comitia
795 1020 916 1096 haberi,
929 1021 1086 1103 quoniam
1099 1019 1225 1102 primus
1240 1019 1389 1083 interrex

178 1127 237 1193 illo
253 1137 404 1211 tempore
421 1134 507 1190 esset
523 1125 673 1209 proditus
692 1123 794 1189 biduo
811 1135 888 1208 post
903 1124 1195 1206 interemptionem
1211 1121 1249 1185 P.
1268 1120 1386 1186 Clodi:

178 1241 212 1296 et
228 1240 297 1296 erat
314 1231 346 1293 in
360 1237 472 1294 vetere
487 1229 734 1307 consuetudine,
750 1237 787 1292 ut
803 1249 870 1292 non
886 1228 921 1305 is,
938 1229 994 1311 qui
1013 1228 1138 1310 primus
1154 1227 1310 1300 interrex,
1329 1226 1388 1289 sed

178 1333 236 1418 qui
262 1333 336 1398 loco
363 1334 508 1398 secundo
538 1341 712 1408 crearetur,
736 1333 871 1396 comitia
897 1331 1043 1396 haberet.
1088 1331 1168 1395 Non
1198 1330 1389 1411 obsequens

178 1448 293 1504 tamen
315 1436 362 1500 illi
385 1438 593 1521 conspiratae
614 1435 828 1514 multitudini,
851 1455 951 1519 quarn
976 1434 1124 1500 Plautius
1149 1433 1332 1516 Hypsaeus
1355 1440 1432 1496 etro

180 1539 337 1604 Metellus
370 1539 484 1621 Scipio
513 1540 749 1618 concitaverat,
780 1539 813 1602 in
849 1539 1033 1622 periculum
1064 1539 1226 1604 deductus
1258 1547 1320 1616 est,
1352 1545 1389 1601 ut

178 1644 299 1708 domus
322 1643 391 1708 eius
417 1644 663 1726 inpugnaretur,
690 1653 724 1708 et
750 1643 960 1707 obsidionem
990 1643 1118 1707 dierum
1150 1642 1297 1725 quinque
1329 1662 1388 1724 pa-

178 1757 321 1825 teretur:
345 1748 398 1813 cui
421 1749 464 1812 ad
487 1757 675 1812 extremum
697 1747 769 1811 sola
791 1746 890 1811 factio
914 1746 1050 1811 Milonis
1070 1745 1198 1811 auxilio
1216 1745 1297 1824 suit3
1323 1766 1389 1828 qua

179 1852 369 1916 decertante
385 1871 460 1916 cum
475 1851 663 1915 adversaria
683 1850 865 1934 perfectum
884 1859 945 1931 est,
961 1860 998 1916 ut
1017 1851 1219 1915 eximeretur
1239 1849 1389 1932 periculo

179 1975 247 2038 quo
262 1955 426 2020 artissime
442 1955 663 2037 premebatur.
1404 1972 1432 2023 15

223 2117 262 2182 ib.
287 2116 386 2200 Quia
409 2116 517 2181 nulla
534 2117 592 2181 vis
611 2138 790 2200 umquam
814 2118 929 2183 estin
952 2119 1077 2184 libera
1097 2117 1284 2184 civitatae
1307 2137 1389 2180 sus·

179 2231 291 2304 cepta
313 2222 416 2285 inter
439 2221 534 2285 civis
557 2242 633 2286 non
655 2230 788 2286 contra
812 2242 890 2285 rem
912 2244 944 2307 p.

224 2341 271 2405 Et
292 2340 356 2406 hoc
380 2341 486 2406 munit
508 2341 673 2424 exemplis
697 2342 845 2424 pluribus
870 2363 996 2422 eorum,
1018 2362 1102 2427 quos
1124 2364 1169 2407 ex
1192 2362 1254 2406 usu
1281 2341 1329 2406 rei
1355 2363 1388 2425 p.

180 2443 356 2510 constabat
372 2445 517 2521 occisos;
542 2444 756 2510 nihilominus
771 2446 804 2509 in
819 2445 948 2509 hisdem
965 2447 1121 2512 caedibus
1136 2446 1185 2511 vis
1200 2445 1389 2511 execranda

179 2549 285 2627 fuerit,
300 2547 376 2613 licet
394 2568 456 2633 pro
471 2549 639 2613 communi
655 2548 798 2614 utilitate
813 2560 976 2634 suscepta.
1400 2572 1430 2607 πο

221 2712 305 2796 §14
330 2711 575 2775 Decernebat
605 2712 716 2791 enirn,
739 2722 780 2777 ut
809 2712 1009 2777 veteribus
1036 2711 1184 2795 legibus
1209 2720 1385 2776 tanturn-

181 2814 294 2879 modo
332 2825 444 2878 extra
481 2815 656 2880 ordinem
689 2825 951 2899 quaereretur.
1012 2816 1151 2880 Divisa
1187 2817 1386 2881 sententia

180 2926 324 3002 posest,
346 2917 502 2982 tulante
524 2919 657 2984 nescio
680 2940 765 3003 quo.

225 3046 350 3113 Sensus
372 3047 425 3111 hic
448 3048 481 3111 in
505 3049 708 3113 obscuritate
732 3057 801 3113 est:
826 3047 907 3112 illud
928 3047 1016 3112 enirn
1035 3047 1069 3110 in
1087 3048 1259 3131 proposito
1282 3046 1386 3114 habet

181 3150 312 3216 Tullius
337 3152 467 3228 docere,
487 3154 532 3217 ab
554 3161 672 3216 senatu
695 3151 775 3215 nihil
798 3160 913 3217 contra
937 3151 1097 3216 Milonem
1121 3160 1292 3216 statutum.
1340 3152 1386 3216 Et
1400 3171 1428 3221 ²5

180 3255 288 3337 primo
308 3256 443 3338 quidem
466 3256 513 3321 ita
534 3264 730 3339 conceptam
751 3256 850 3320 fuisse
867 3257 1074 3334 sententiam,
1089 3265 1125 3320 ut
1143 3257 1186 3320 de
1206 3255 1263 3321 illa
1281 3257 1386 3320 caede

180 3360 345 3424 veteribus
375 3357 502 3442 legibus
536 3368 634 3424 extra
663 3360 814 3423 ordinem
849 3369 1079 3443 quaereretur;
1116 3360 1174 3424 sed
1205 3380 1224 3423 e
1253 3359 1385 3425 diverso
1416 3443 1422 3455 Ι

180 3463 332 3529 extitisse
361 3461 469 3540 alium,
491 3463 548 3546 qui
575 3473 689 3528 contra
713 3464 837 3528 diceret
861 3461 944 3549 (sive
966 3462 1099 3528 Fufium
1122 3463 1292 3539 Calenum,
1316 3464 1387 3528 sive

181 3565 266 3631 alius
290 3565 346 3630 ille
368 3565 475 3644 luerit,
497 3563 698 3651 videbimus)
721 3566 977 3650 postularetque,
1001 3577 1040 3633 ut
1062 3567 1245 3632 sententiae
1267 3567 1387 3633 divisio

182 3668 285 3734 fieret.
347 3669 425 3734 Hoc
459 3680 572 3734 autern
602 3669 733 3735 solebat
765 3671 924 3746 accidere,
955 3690 1032 3735 cum
1061 3669 1236 3735 videbatur
1265 3670 1387 3754 aliquis
1400 3690 1432 3741 30

182 3795 242 3856 per
271 3784 417 3838 saturam
454 3773 497 3838 de
530 3773 642 3838 multis
676 3775 773 3839 rebus
807 3795 907 3839 unam
936 3775 1135 3840 sententiam
1167 3774 1314 3838 dixisse:
1352 3784 1387 3840 et

181 3877 327 3942 habebat
346 3897 585 3960 nonnunquam
601 3879 744 3943 conexio
763 3878 951 3943 huiusmodi
970 3898 1079 3942 rerum
1098 3878 1276 3943 multarum
1298 3879 1386 3943 srau-

182 3981 334 4047 dulentas
357 3982 537 4064 captiones,
560 3990 597 4045 ut
623 3982 720 4045 rebus
744 3982 859 4065 aequis
881 4002 932 4046 res
957 3983 1128 4066 improbae
1150 3984 1367 4047 miscerentur
1379 4005 1388 4064 ;

183 4094 283 4169 atque
308 4085 353 4149 ita
373 4085 607 4150 blandimentis
636 4086 834 4168 quibusdam
864 4085 1037 4168 obreperet
1061 4087 1105 4151 ad
1129 4086 1309 4151 obtinenda
1338 4109 1388 4166 ea,

183 4210 269 4272 quae
292 4189 319 4252 si
349 4209 408 4270 per
433 4209 469 4253 se
495 4187 701 4271 singulariter
729 4200 997 4272 proponerentur,
1020 4190 1193 4274 displicere
1218 4191 1387 4257 deberent.
1401 4210 1433 4263 35

186 4295 448 4360 Desiderabatur
470 4294 592 4376 itaque,
610 4302 648 4358 ut
670 4292 765 4358 fieret
787 4295 971 4359 sententiae
993 4294 1120 4374 divisio,
1135 4294 1198 4359 hoc
1214 4305 1274 4375 est,
1290 4307 1329 4362 ut
1344 4299 1388 4361 de

430 4484 453 4534 3.
470 4486 533 4533 cum,
547 4470 590 4522 luc
601 4470 649 4522 loco
660 4469 756 4536 Stangl,
769 4470 827 4537 (qui
837 4471 922 4536 cod):
938 4487 995 4522 cum
1006 4473 1046 4524 M.
1057 4472 1150 4524 Aemil.
