2926 4928
417 308 515 373 PRO
549 307 584 373 r.
615 305 775 371 anuto
804 305 1003 371 aaronis.
1264 298 1310 389 87

109 481 261 567 denique,
277 484 304 546 si
320 483 402 548 haec
423 503 516 548 arma
530 492 645 547 contra
668 503 703 545 se
726 482 792 548 sint
809 481 927 556 sutura,
946 482 1007 546 sibi
1027 480 1180 544 facinoris
1203 479 1306 563 suspi-

108 588 245 662 cionem,
268 608 334 651 non
355 588 433 651 facti
457 587 581 653 crimen
600 587 743 651 obstare.
788 585 894 650 Addit
912 587 1001 662 haec,
1018 605 1103 668 quae
1122 594 1210 649 certe
1230 604 1307 647 vera
1320 593 1358 643 97

107 702 194 770 sunt,
210 694 310 756 fortes
325 701 359 755 et
374 691 541 774 sapientes
556 691 644 754 viros
660 712 725 754 non
742 700 811 754 tam
828 690 974 773 praemia
990 690 1082 771 sequi
1098 688 1204 752 solere
1220 698 1308 752 recte

76 838 80 845 -
107 795 268 859 factorum
300 815 402 878 quam
434 795 506 879 ipsa
535 807 623 860 recte
653 795 760 870 sacta3
795 816 830 858 se
860 794 940 857 nihil
972 794 1004 856 in
1032 793 1100 856 vita
1124 793 1185 855 nisi
1213 812 1308 874 prae-

79 899 287 963 5clarissime
312 897 438 976 secisse,
462 900 489 962 si
512 899 647 981 quidem
676 899 756 962 nihil
779 899 823 963 sit
847 896 1075 980 praestabilius
1104 897 1175 960 viro
1204 915 1305 978 quam

107 987 258 1085 periculis
284 1002 427 1086 patriam
452 1002 610 1081 liberare3
642 1002 759 1067 beatos
788 1023 869 1079 esse,
893 1002 1014 1084 quibus
1044 1021 1084 1064 ea
1114 1019 1165 1062 res
1189 998 1305 1062 honori

106 1105 205 1170 suerit
220 1128 241 1171 a
254 1106 322 1169 suis
343 1105 477 1184 civibus,
493 1102 555 1170 nec
577 1117 690 1170 tamen
713 1126 770 1170 eos
793 1106 940 1184 miseros,
957 1105 1013 1187 qui
1037 1101 1195 1168 beneficio
1217 1103 1305 1167 cives

105 1230 184 1273 suos
199 1210 352 1284 vicerint;
375 1211 434 1274 sed
456 1220 570 1275 tamen
594 1233 639 1274 ex
662 1211 816 1273 omnibus
839 1210 994 1292 praemiis
1014 1209 1154 1286 virtutiS,
1171 1208 1198 1270 si
1219 1217 1304 1272 esset

105 1311 259 1377 habenda
274 1313 357 1379 ratio
370 1315 605 1396 praemiorum,
614 1314 855 1398 amplissimum
868 1334 939 1377 esse
951 1313 1132 1397 praemium
1146 1312 1307 1398 gloriam3
1410 1330 1415 1341 ’

62 1446 93 1480 10
105 1437 176 1481 esse
200 1416 285 1481 hanc
311 1438 421 1495 unam,
446 1438 532 1500 quae
562 1418 758 1483 brevitatem
788 1418 890 1482 vitae·
911 1417 1114 1501 posteritatis
1145 1417 1304 1481 memoria
1320 1350 1380 1483 ‘l'

105 1520 339 1596 consolaretur,
369 1542 455 1604 quae
491 1521 643 1596 efficeret,
681 1533 717 1586 ut
754 1521 906 1585 absentes
943 1521 1142 1594 adessemus,
1181 1521 1303 1583 mortui

103 1625 307 1696 viveremus;
330 1624 414 1689 hanc
437 1625 578 1709 denique
601 1646 683 1703 esse,
701 1626 793 1690 cuius
816 1624 972 1707 gradibus
996 1624 1096 1687 etiam
1119 1623 1152 1686 in
1174 1622 1302 1689 caelum
1316 1645 1354 1692 os

104 1727 256 1791 homines
266 1727 456 1792 viderentur
464 1730 674 1794 adscendere.
707 1730 779 1794 ‘De
790 1726 862 1805 me,'
875 1728 991 1810 inquit,
1003 1733 1148 1809 ‘semper
1159 1727 1303 1810 populus

105 1833 288 1907 Romanus
301 1852 431 1914 semper
442 1853 557 1896 omnes
568 1843 684 1915 gentes
700 1834 888 1915 loquentur,
900 1830 988 1894 nulla
1000 1851 1157 1913 umquam
1173 1852 1302 1895 ommu-

60 1953 88 2003 15
103 1944 208 1999 tescet
232 1943 387 2000 vetustas.
433 1933 523 2018 Quin
544 1935 607 2002 hoc
632 1947 780 2019 tempore
810 1937 892 2020 ipso,
918 1955 993 1998 cum
1025 1954 1140 1997 omnes
1170 1956 1189 1998 a
1220 1935 1302 1999 meis

103 2039 242 2103 inimicis
257 2037 344 2103 faces
360 2031 502 2105 invidiae
515 2060 608 2105 meae
623 2040 834 2120 subiciantur,
845 2048 957 2104 tamen
973 2038 1062 2103 omni
1078 2039 1111 2101 in
1127 2037 1301 2102 hominum

52 2234 56 2245 Ι
72 2185 76 2191 ·
139 2190 158 2224 r.
176 2189 245 2223 arma
256 2175 323 2223 HE:
339 2189 386 2223 am.
398 2174 443 2224 Tr.
511 2189 549 2225 ro.
560 2177 705 2226 brevitatem
712 2175 768 2225 Hr:
780 2175 899 2224 brevitate
909 2175 962 2223 ΤΕ.
1020 2187 1058 2237 14.
1070 2180 1232 2224 ommutescet
1240 2175 1300 2224 Hs:

101 2240 307 2290 obmutescetrell.
352 2254 390 2304 15.
402 2239 464 2291 meis
475 2241 533 2291 Hs:
549 2243 603 2290 suis
614 2242 710 2304 ΤΕσχ;
727 2241 780 2290 tuis
791 2240 907 2291 Lambin.
951 2239 988 2289 16.
1006 2255 1090 2291 meae:
1109 2239 1177 2289 mihi
1185 2239 1301 2290 Lambin.

101 2305 400 2355 subiciunturlambin(
700 2336 704 2343 ·

138 2436 159 2471 1.
175 2429 244 2472 huo
261 2437 355 2475 um:
373 2421 476 2486 &1567
493 2425 513 2474 si
530 2423 589 2473 haec
602 2413 675 2472 arina
725 2423 869 2489 repetitions
884 2423 911 2472 in
926 2422 977 2472 this
988 2437 1092 2486 passage
1103 2438 1144 2470 are
1156 2429 1218 2471 recta
1225 2421 1299 2486 facta

60 2494 64 2501 “
104 2523 111 2538 .
125 2524 131 2536 .
146 2487 308 2537 ‚contraMil
329 2488 412 2538 Ilook
422 2504 490 2554 upon
503 2489 545 2538 the
556 2490 675 2538 omission
725 2524 732 2538 .
745 2526 752 2539 .
766 2526 773 2539 .
785 2489 989 2554 rectefaciorum‚
1001 2488 1051 2537 and
1061 2504 1078 2536 a
1088 2488 1141 2537 suis
1152 2488 1259 2537 civibus.
1273 2526 1278 2537 .
1292 2526 1299 2538 .

103 2553 132 2602 ol
141 2569 214 2602 arma
231 2554 257 2602 in
269 2554 301 2615 T,
310 2552 352 2604 the
364 2560 459 2618 parcns
474 2554 632 2630 deteriorant,
647 2570 676 2604 as
725 2555 789 2604 cives
799 2570 862 2604 suas.

102 2619 675 2750 {dihlll‘i‘gei't‘l,liliitllii
725 2633 798 2737 uti:
814 2626 952 2746 :rsit
973 2619 1299 2750 literalil‘ittbuti

102 2749 180 2806 τικῶς,
190 2765 224 2800 sc.
237 2749 280 2800 the
290 2758 472 2814 arrangements
482 2750 521 2801 for
533 2751 574 2800 the
585 2751 652 2801 trial.
724 2765 792 2815 upon
803 2751 829 2800 in
840 2750 936 2800 similar
946 2758 1031 2800 terms.

134 2817 501 2866 nomam...taoa1=ef.
516 2816 548 2865 ad
564 2817 674 2867 Herenn.
759 2830 796 2866 12.
813 2819 1230 2875 mflbu...adsosndors:
1264 2813 1296 2865 ci.

101 2881 135 2931 iv.
163 2879 195 2929 68
241 2881 294 2930 uasi
315 2880 424 2945 facinus
451 2881 673 2946 praeclarissimum
722 2881 799 2931 Dorn.
812 2892 842 2947 75
855 2882 944 2946 quibus
959 2888 1086 2945 tamquam
1099 2880 1221 2943 gradibus
1237 2878 1298 2928 mihi

94 2945 202 3009 fecisset,
223 2897 291 2997 ihil.
313 2947 362 2996 xiv.
385 2949 399 2996 8
414 2946 524 3011 facinus
544 2985 549 2997 .
570 2984 576 2996 .
598 2983 604 2996 .
628 2963 673 2997 sno
723 2947 808 2996 videar
820 2947 850 2996 in
864 2948 959 2996 caelum
975 2947 1135 3005 adscendisse,
1155 2944 1298 3012 Legii.19

102 3011 207 3061 consilio
216 3010 319 3075 sactum
341 3027 394 3061 esse
416 3019 527 3073 testatur,
547 3012 613 3062 Tull.
633 3028 672 3076 34,
722 3011 819 3062 homini
830 3012 960 3061 adscensus
971 3012 1001 3060 in
1011 3013 1114 3071 caelum,
1129 3011 1215 3060 Parad.
1231 3025 1267 3059 11.

102 3077 165 3126 Rab.
175 3077 242 3126 Post.
253 3091 291 3139 24,
301 3075 391 3126 oniti,
400 3090 440 3141 95,
450 3077 585 3141 Landgraf,
594 3077 672 3142 dafig.
760 3090 796 3139 14.
808 3083 993 3127 ommutasoat
1003 3093 1008 3125 :
1028 3077 1106 3140 Igive
1114 3076 1172 3136 this,
1181 3076 1223 3125 the
1232 3092 1299 3125 rarer

49 3200 53 3207 Ι
101 3149 173 3206 eiam.
187 3158 216 3207 p,
225 3155 263 3207 10·
299 3143 368 3192 Here
369 3143 477 3207 facinus
491 3143 582 3192 =⁴evil
594 3145 673 3193 interr·
723 3143 838 3208 spelling,
851 3143 915 3192 from
931 3143 968 3191 H.
1001 3141 1073 3191 MSS.
1085 3142 1211 3205 authority
1222 3142 1260 3190 for
1277 3142 1297 3190 it

102 3209 168 3257 tions
185 3209 281 3270 against
304 3207 431 3274 Pompey,'
447 3207 521 3258 while
529 3209 632 3273 factum
651 3208 673 3258 is
723 3208 746 3256 is
757 3209 811 3258 also
819 3208 903 3268 found,
912 3207 960 3256 Pis.
969 3206 1006 3268 26,
1015 3209 1090 3256 Dom.
1100 3220 1154 3270 135,
1164 3207 1246 3256 Flacc.
1255 3209 1297 3270 48,

102 3272 146 3323 the
158 3288 208 3322 nex
221 3273 350 3322 Clodiana.
723 3274 798 3324 Tusc
811 3273 837 3322 ii.
851 3287 891 3336 50,
903 3274 935 3323 de
946 3273 990 3323 Or.
999 3273 1024 3322 ii.
1040 3284 1078 3337 η,
1087 3274 1155 3323 Brut.
1168 3287 1224 3335 324.
1255 3273 1295 3322 Cf.

134 3337 480 3396 6.qu1nur...nonorr
503 3343 607 3389 morit:
642 3338 673 3388 cf.
724 3339 805 3400 Neue,
816 3338 907 3388 ituro.

103 3403 152 3454 off.
167 3404 193 3454 ii.
209 3406 240 3467 58
256 3404 348 3454 honori
361 3420 459 3454 summo
474 3412 559 3453 nostro
576 3405 675 3453 Miloni
734 3454 738 3460 ,
752 3417 789 3468 15.
796 3411 935 3454 vetustas:
944 3403 1135 3468 i.e.sutnrity,ci.
1143 3403 1232 3452 Aenx.
1239 3413 1295 3467 792.

93 3469 163 3534 fuit,
175 3470 251 3534 qui..
264 3471 308 3520 .P.
320 3469 396 3519 Clodi
408 3477 511 3519 conatus
519 3471 672 3534 compressit.
695 3477 696 3480 ’
755 3475 829 3520 moin
851 3504 859 3518 .
882 3505 889 3519 .
914 3505 921 3518 .
948 3485 1040 3520 meso:
1059 3470 1101 3519 the
1117 3469 1249 3533 repetition
1270 3468 1300 3519 oi

101 3534 245 3596 Niel'ander,
264 3535 356 3600 quoted
372 3535 398 3583 in
415 3535 475 3584 RH.
495 3551 520 3584 n.
543 3534 598 3597 546,
617 3551 674 3598 says
723 3534 766 3584 the
784 3535 921 3600 possessive
944 3550 1056 3599 pronoun
1078 3535 1100 3584 is
1120 3533 1235 3584 intended
1256 3535 1297 3582 sor

103 3600 160 3649 ‘the
171 3600 254 3650 dative
267 3601 410 3665 expressing
424 3601 507 3660 result,
519 3616 547 3650 or
554 3599 674 3665 factitiae
721 3600 871 3665 rhythmical
881 3599 968 3650 effect:
987 3602 1018 3650 cf.
1032 3603 1044 3658 5
1058 3615 1090 3664 94
1102 3600 1168 3649 mai.
1182 3635 1189 3650 .
1201 3635 1207 3650 .
1221 3615 1297 3662 meaa,

101 3664 153 3715 dat.
170 3666 192 3714 is
209 3665 234 3714 in
250 3665 303 3715 Cic.
320 3665 404 3728 nearly
415 3665 507 3730 always
524 3665 599 3714 found
611 3665 672 3714 with
724 3665 1118 3741 §ppmei...milri,and§82
1136 3681 1162 3714 n.
1196 3666 1259 3714 This
1274 3667 1296 3714 is

101 3731 205 3781 another
225 3730 284 3792 dat,
304 3731 321 3783 i.
329 3747 352 3782 e.
372 3730 401 3781 ol
419 3730 461 3782 the
480 3747 578 3795 person.
610 3728 673 3780 This
721 3732 817 3794 injured
834 3733 868 3793 by
881 3731 923 3781 the
943 3731 1080 3795 conjecture
1096 3730 1154 3792 tuis,
1171 3731 1253 3780 which
1269 3731 1295 3780 in

100 3795 192 3845 double
210 3797 262 3845 dat.
280 3812 338 3860 may
352 3797 384 3846 be
402 3796 535 3861 compared
553 3796 612 3845 with
629 3796 673 3846 the
721 3797 793 3846 ltself
807 3796 892 3846 would
909 3797 977 3861 yield
996 3813 1011 3845 a
1030 3796 1098 3861 good
1116 3811 1193 3845 sense.
1226 3796 1295 3845 That

101 3862 195 3911 double
206 3878 286 3912 accus.
297 3862 322 3910 in
335 3862 444 3927 aliquem
454 3861 526 3926 facia
539 3862 671 3924 consulem,
722 3862 810 3912 Cicero
821 3877 873 3911 was
884 3871 928 3912 not
936 3877 1020 3912 averse
1030 3870 1058 3913 to
1069 3862 1189 3926 inserting
1199 3877 1215 3910 a
1225 3861 1295 3911 word

100 3927 125 3976 in
139 3943 186 3976 one
197 3943 252 3977 case
263 3927 405 3992 expressing
418 3926 461 3977 the
476 3927 565 3989 object,
581 3926 631 3976 and
646 3927 672 3976 in
721 3935 749 3977 to
761 3927 840 3977 round
851 3927 888 3976 off
903 3943 918 3976 a
934 3927 1029 3992 period,
1042 3943 1101 3976 even
1118 3925 1141 3975 is
1154 3928 1173 3976 it
1189 3926 1234 3975 did
1250 3932 1295 3976 not

100 3992 143 4043 the
160 3992 231 4042 other
247 3993 400 4057 eompleting
419 3991 461 4042 the
480 3992 613 4056 predicate.
646 3993 672 4042 It
721 3993 770 4042 add
782 3993 856 4043 much
868 4000 895 4042 to
907 3993 949 4044 the
960 4009 1038 4054 sense,
1051 4009 1108 4055 may
1121 3993 1219 4042 beseen
1230 3992 1293 4043 from

100 4074 206 4122 conveys
220 4058 262 4109 the
276 4059 334 4107 idea
348 4059 378 4108 of
391 4058 506 4121 ‘coming
516 4058 570 4107 into
583 4055 672 4123 being'
721 4059 772 4108 uni
783 4063 795 4118 ξ
808 4073 848 4123 90.

99 4139 129 4173 or
145 4124 251 4188 growth,
270 4140 292 4175 e.
300 4140 325 4188 g.
343 4122 401 4173 here
420 4123 449 4172 of
467 4124 564 4172 honour
582 4123 606 4172 in
629 4125 672 4173 the
753 4122 791 4174 16.
800 4121 1295 4185 “ummahesnbjunctiveisnsed

98 4189 179 4239 future
195 4190 258 4239 aiter
272 4189 314 4240 the
327 4186 383 4239 act’
416 4188 556 4253 SeeRoby,
568 4188 631 4240 Prei,
643 4197 671 4241 to
721 4189 747 4239 in
766 4189 831 4255 spite
848 4188 935 4239 oslac
952 4195 1057 4275 tempore
1074 4191 1134 4254 ipsa
1151 4189 1217 4238 since
1235 4203 1292 4236 cum

99 4254 146 4304 Bk.
158 4256 191 4305 iv.
202 4255 241 4303 sor
252 4270 268 4303 a
278 4254 318 4304 list
329 4255 359 4304 oi
367 4255 460 4304 similar
470 4255 572 4304 datives
720 4271 846 4320 expresses
856 4255 990 4319 ‘although
1017 4272 1024 4304 :
1035 4255 1066 4306 cs.
1079 4255 1109 4303 de
1120 4254 1164 4304 Or.
1176 4255 1201 4304 ii.
1213 4267 1240 4301 21
1250 4253 1294 4302 hac

133 4321 156 4370 8.
181 4325 334 4378 prunas:
360 4320 399 4370 ior
421 4321 464 4369 the
492 4319 613 4370 threefold
635 4336 672 4370 re·
721 4321 773 4386 ipso
783 4327 895 4384 tempore,
908 4335 965 4369 cunr
976 4320 1061 4369 omnia
1071 4320 1199 4384 gymnasia
1211 4319 1293 4383 philo·

98 4385 205 4450 petition
216 4385 245 4435 oi
246 4385 394 4450 praemium
406 4384 431 4434 in
441 4385 554 4435 different
566 4400 634 4436 cases
644 4393 671 4434 to
721 4385 795 4451 sophi
806 4393 913 4444 teneant,
926 4386 982 4434 Fin.
993 4384 1019 4434 ii.
1027 4383 1058 4448 65
1070 4392 1125 4434 tum
1137 4385 1228 4451 asprum,
1236 4399 1294 4432 cum

98 4451 239 4516 emphasize
259 4451 303 4502 the
324 4451 381 4501 idea
399 4451 430 4501 cf.
451 4455 464 4512 ς
483 4464 515 4514 53
533 4466 559 4499 n.
593 4450 671 4501 Other
722 4451 817 4518 vigiliis
828 4458 853 4502 et
864 4452 930 4500 same
941 4451 1106 4501 cruciaretur.
