2926 4928
412 338 512 403 PRO
546 338 578 404 Τ.
609 337 768 403 ANNIO
796 337 994 403 MILONE.
1260 330 1304 420 67

105 511 318 597 Quamquam
337 512 419 577 haec
439 514 576 597 quidem
596 513 662 578 iam
678 513 863 578 tolerabilia
878 514 1076 580 videbantur
1092 510 1166 600 (etsi
1182 534 1303 595 aequa·
1317 523 1369 590 28
1411 495 1460 527 w

104 618 215 682 biliter
229 619 262 681 in
278 638 348 682 rem
364 617 532 700 publicam
547 618 580 681 in
602 619 755 700 privatos,
771 618 804 682 in
827 618 1025 703 longinquos
1040 619 1073 681 in
1088 617 1302 700 propinquos,
1316 610 1353 660 ⁷⁶

106 723 139 785 in
168 721 293 786 alienos
323 722 356 784 in
385 743 463 786 suos
494 717 661 808 irruebat),
686 721 745 786 sed
775 722 884 787 nescio
914 742 981 804 qno
1011 723 1114 787 modo
1145 742 1206 784 usu
1237 721 1303 782 iam

106 828 306 890 obduruerat
329 834 363 890 et
383 825 599 908 percalluerat
623 827 765 891 civitatis
789 826 987 891 incredibilis
1012 826 1194 909 patientia;
1219 844 1304 906 quae

76 948 183 998 5vero
206 928 344 994 aderant
362 929 428 993 iam
453 939 487 994 et
510 929 755 1013 impendebant,
770 950 917 1012 quonam
942 930 1042 994 modo
1063 949 1103 992 ea
1117 938 1174 992 aut
1191 927 1304 1009 depel-

106 1033 173 1097 lere
202 1033 392 1116 potuissetis
421 1042 480 1098 aut
509 1033 615 1098 ferre?
675 1034 856 1116 Imperium
886 1032 941 1097 ille
971 1034 998 1097 si
1030 1042 1146 1097 nactus
1176 1040 1307 1096 esset-

106 1139 225 1202 omitto
257 1137 373 1212 socios,
396 1147 529 1201 exteras
560 1137 719 1213 nationes,
750 1158 852 1222 regeS,
874 1137 1075 1215 tetrarchas;
1104 1146 1184 1200 vota
1217 1134 1305 1198 enim

106 1241 266 1318 faceretis,
282 1252 319 1306 ut
334 1240 368 1305 in
383 1261 441 1306 eos
456 1261 492 1304 se
507 1243 618 1323 potius
639 1242 832 1305 immitteret
853 1262 954 1324 quam
976 1241 1009 1303 in
1031 1251 1156 1305 vestras
1172 1259 1304 1322 posses·

106 1346 224 1423 siones,
245 1354 354 1410 vestra
375 1353 473 1420 tecta,
494 1355 620 1409 vestras
643 1347 817 1428 pecunias;
841 1345 996 1428 pecunias
1018 1344 1119 1408 dico?
1142 1364 1163 1406 a
1183 1342 1304 1418 liberis,

63 1471 94 1505 10
108 1471 162 1513 me
178 1449 261 1512 Dius
277 1448 400 1522 Fidius,
417 1458 451 1512 et
464 1469 484 1511 a
499 1448 695 1533 coniugibus
713 1450 831 1514 vestris
853 1469 1033 1532 numquam
1056 1447 1110 1511 ille
1130 1445 1306 1510 effrenatas

106 1574 183 1618 suas
198 1552 349 1617 libidines
365 1552 574 1617 cohibuisset.
620 1554 716 1636 Fingi
733 1553 859 1636 putatis
874 1553 964 1630 haec,
981 1573 1067 1635 quae
1081 1562 1205 1635 patent,
1221 1571 1306 1633 quae

107 1667 187 1722 nota
209 1665 287 1721 sunt
308 1657 472 1735 omnibus,
487 1676 572 1739 quae
593 1665 756 1732 tenentur,
776 1677 944 1721 servorum
967 1657 1133 1721 exercitus
1157 1654 1250 1718 illum
1273 1657 1306 1718 in

531 1840 553 1887 3.
573 1842 619 1875 usu
636 1827 685 1875 iam
705 1826 746 1877 H:
764 1829 817 1876 iam
834 1842 882 1876 usu
900 1826 950 1886 Τδ;
969 1842 1016 1876 om.
1030 1826 1080 1875 iam
1098 1826 1128 1884 E,
1142 1825 1206 1874 ‘sort
1226 1822 1306 1874 recte'

870 1906 895 1957 9.
912 1899 1006 1941 vestras
1011 1893 1141 1956 pecunias,
1152 1898 1234 1940 vestra
1245 1896 1307 1938 tecta

1175 1969 1213 2005 11.
1223 1955 1311 2020 fungi

143 1841 164 1876 1.
181 1829 248 1877 iam:
265 1835 318 1877 tam
330 1827 365 1875 H.

107 1893 184 1942 Nohl.
301 1894 323 1943 8.
342 1893 476 1942 inmitteret
489 1892 556 1941 HE:
574 1892 682 1941 mitteret
693 1893 736 1942 Ta

106 1960 173 2008 TW.
264 1958 395 2024 pecuniasr
412 1959 529 2022 pecunias
540 1958 592 2008 Hs:
604 1958 727 2022 pecunias
737 1958 826 2020 ΤΕσχ.
919 1973 992 2007 aona
1005 1958 1032 2007 H

102 2024 203 2090 putatis
213 2025 280 2085 haec,
290 2040 354 2091 quae
359 2031 490 2088 patentur,
501 2023 559 2073 haec
571 2023 607 2072 H.
999 2024 1011 2035 ”
1035 1993 1042 2006 ⁸

108 2177 162 2230 est.’
206 2179 261 2230 ‘the
282 2181 372 2244 charge
399 2178 473 2228 made
494 2178 528 2242 by
551 2178 640 2228 Cicero
661 2179 683 2227 is
734 2179 831 2229 lhave
850 2187 903 2241 not,
920 2180 1042 2240 however,
1060 2178 1137 2228 found
1154 2178 1239 2227 aditur
1258 2177 1308 2226 and

107 2246 245 2295 somewhat
266 2261 354 2308 vagae.
400 2243 556 2309 Apparently
578 2243 684 2292 Clodius
732 2245 810 2294 limen
822 2245 936 2310 coupled.

108 2311 239 2361 interfered
260 2311 322 2360 with
343 2326 372 2360 or
390 2310 472 2359 added
490 2316 518 2358 to
538 2310 579 2358 the
596 2309 684 2374 paries
768 2323 790 2358 2.
806 2316 994 2369 propinquos:
1012 2308 1086 2359 ‘here
1101 2308 1249 2358 substituted
1270 2309 1308 2357 sor

110 2379 219 2427 between
231 2377 299 2426 them
307 2376 413 2426 without
423 2372 683 2434 hissister‘sconsent3
732 2375 827 2424 vicinos
844 2376 882 2425 sor
898 2376 940 2425 the
957 2377 1017 2426 sake
1032 2375 1061 2424 of
1075 2375 1117 2425 the
1134 2375 1265 2437 similarity
1281 2374 1311 2423 oi

109 2443 141 2492 cs.
165 2443 231 2507 Top.
256 2455 285 2490 22
309 2441 423 2491 omnibns
446 2448 484 2490 est
505 2439 544 2489 ius
564 2441 683 2505 parietem
732 2441 774 2489 the
791 2442 870 2490 sound
889 2448 916 2490 to
933 2443 988 2491 that
1004 2442 1034 2491 of
1049 2442 1205 2505 longinquos.
1239 2439 1307 2489 Else-

109 2508 230 2566 directum
241 2508 273 2556 ad
289 2508 407 2573 parietem
425 2521 581 2556 communem
598 2506 684 2554 adinn-
733 2506 814 2555 where
830 2507 973 2572 propinqui
992 2506 1087 2556 almost
1108 2505 1201 2568 always
1223 2520 1308 2553 means

110 2589 174 2638 gere,
188 2575 249 2638 Dig.
260 2574 311 2623 viii.
326 2575 372 2622 2.8
399 2573 519 2621 arietem.
533 2571 683 2621 ..alterutri
732 2576 750 2600 “
758 2572 877 2622 relations
885 2571 914 2594 '‘’
928 2571 1026 2636 [Reid].

110 2639 246 2689 vicinorum
254 2589 404 2688 demoliendi
415 2645 440 2688 et
448 2637 573 2687 reficiendi
585 2637 623 2686 ins
633 2653 684 2686 non
767 2653 791 2700 4.
806 2644 1009 2696 percalluerat:
1038 2636 1081 2686 the
1107 2636 1166 2700 only
1187 2635 1309 2686 reference

109 2711 154 2756 est.
734 2703 806 2767 given
818 2703 855 2751 ior
866 2704 908 2752 the
919 2704 987 2752 word
998 2702 1024 2752 ih
1036 2704 1085 2753 this
1092 2719 1169 2761 sense,
1178 2702 1309 2751 elsewhere

142 2775 268 2820 lumina:
297 2771 311 2819 1
333 2770 390 2820 take
412 2768 462 2818 this
482 2776 510 2817 to
532 2783 604 2817 mean
630 2766 686 2816 that
735 2769 875 2817 it=‘know
883 2764 1308 2833 thoronghly':occallueratwould

110 2835 142 2885 he
158 2836 288 2886 interfered
304 2835 365 2885 with
380 2835 426 2884 her
443 2833 551 2897 ‘lighta'
585 2832 687 2882 Similar
734 2833 791 2897 give
807 2851 823 2883 a
840 2835 987 2884 Ciceronian
1003 2849 1136 2884 assonance
1153 2833 1212 2881 with
1228 2831 1309 2881 obdur.

111 2902 247 2952 behaviour
274 2903 295 2950 is
322 2900 455 2950 attributed
477 2907 505 2949 to
527 2899 633 2950 Clodius
660 2898 686 2947 in
735 2897 1253 2965 centeii.18.4iampr0rsusoccallui.

110 2967 212 3031 dealing
227 2966 288 3016 with
310 2966 412 3016 another
433 2965 571 3029 neighbour
591 2964 620 3014 of
637 2963 685 3022 his,
770 2974 793 3028 7.
812 2972 940 3015 axtaraa:
960 2965 1003 3015 the
1014 2965 1134 3027 adjective
1145 2965 1166 3011 is
1177 2965 1237 3025 only
1249 2961 1309 3010 used

112 3034 143 3097 Q.
156 3033 235 3093 Seius,
251 3034 328 3082 Dom.
344 3044 397 3094 115,
410 3048 426 3080 a
437 3033 469 3095 Q.
480 3031 538 3080 Seio
550 3031 684 3090 contendit,

110 3099 190 3148 utsibi
200 3099 301 3147 domum
307 3096 429 3152 venderet,
436 3113 493 3146 eum
501 3096 544 3145 ille
552 3095 579 3144 id
587 3100 687 3159 negaret

111 3164 193 3229 primo
204 3179 229 3212 se
238 3163 379 3212 luminibus
385 3163 439 3212 cius
449 3177 497 3211 essa
503 3161 687 3211 obstructurum

111 3230 258 3278 minabatur,
292 3229 342 3277 For
363 3229 450 3277 lumen
469 3229 494 3276 in
512 3227 554 3276 the
576 3227 640 3290 sing.
660 3227 686 3274 in

111 3295 162 3344 this
178 3310 247 3343 sense
259 3293 289 3343 cl.
301 3294 362 3356 Dig.
373 3293 425 3342 viii.
439 3306 462 3342 2.
476 3306 505 3356 15
521 3292 543 3341 si
559 3292 636 3340 modo
651 3291 687 3340 sie

112 3361 187 3410 faciat
210 3367 237 3409 ut
259 3360 358 3408 lumini
378 3366 475 3418 noceat,
499 3367 528 3419 17
548 3372 614 3405 nunc
636 3372 685 3405 non

112 3424 246 3475 luminibus
264 3424 349 3484 officit,
368 3423 410 3474 sed
427 3422 484 3488 plus
500 3437 580 3488 aequo
600 3423 686 3471 lumen

113 3491 179 3551 facit,
195 3505 224 3538 10
235 3490 271 3539 ita
283 3490 379 3540 officere
392 3489 545 3538 luminibus.
558 3525 565 3538 .
579 3496 624 3537 ‚ut
635 3502 685 3536 non

113 3557 212 3621 penitus
228 3557 314 3605 lumen
330 3555 478 3614 recludatur,
496 3553 593 3603 Vitruv.
610 3553 643 3601 vi.
661 3567 684 3617 9.

114 3623 175 3672 6in
194 3637 224 3671 eo
249 3621 410 3670 incolumen
435 3620 481 3669 erit
504 3620 556 3669 sine
580 3617 685 3683 impedi-

113 3689 188 3737 tione.
224 3686 279 3737 The
294 3686 390 3735 variant
402 3685 491 3734 limina
502 3685 523 3734 is
535 3685 593 3735 read
604 3686 637 3746 by
650 3683 685 3732 all

64 3766 68 3772 ’
113 3754 213 3807 editors,
221 3752 280 3801 who
290 3751 413 3817 qnotefor
421 3752 440 3799 it
448 3749 548 3800 Caecin.
562 3763 591 3813 35
604 3749 625 3798 si
636 3765 686 3798 non

113 3819 191 3868 modo
202 3818 292 3867 limine
299 3825 413 3893 tectoque
419 3817 518 3865 aedium
528 3822 634 3874 tuarum,
643 3814 686 3864 sed

113 3885 196 3950 primo
218 3883 291 3932 wita
314 3882 480 3946 vastahuloque
524 3881 685 3940 rohibnerint,

111 3948 194 3999 which
215 3949 237 3996 is
256 3956 299 3997 not
317 3946 395 4010 really
411 3897 523 4011 parallel
541 3947 608 3996 since
625 3947 650 3995 in
668 3945 688 3996 it

114 4015 192 4064 limen
210 4015 231 4062 is
252 4020 298 4062 not
321 4012 428 4077 coupled
446 4011 509 4064 with
529 4013 622 4069 aditus,
642 4012 687 4061 but

113 4078 254 4130 contrasted
265 4078 326 4128 with
337 4079 366 4126 it.
401 4077 457 4127 The
474 4093 564 4143 proper
578 4077 651 4126 order
666 4077 689 4125 is

113 4146 200 4207 limen,
213 4144 371 4203 vestibulum,
381 4142 467 4192 aditus
478 4143 526 4208 [sc.
539 4159 555 4191 a
565 4142 632 4206 via]‚
644 4141 688 4192 the

112 4219 163 4262 two
179 4211 253 4259 latter
270 4218 345 4259 terms
362 4209 436 4272 being
451 4208 606 4272 continually
623 4223 688 4258 com·

114 4277 197 4336 hinad,
209 4291 230 4325 e.
241 4291 265 4338 g.
279 4275 350 4325 Verr.
367 4275 393 4324 ii.
414 4272 461 4322 160
475 4276 502 4322 in
517 4274 599 4339 primo
615 4273 688 4322 aditu

115 4341 292 4406 vestibuloque,
304 4340 335 4390 de
346 4340 415 4390 Orat.
427 4340 453 4388 ii.
467 4353 515 4400 320
526 4339 647 4388 aedibus.
661 4373 668 4386 .
680 4374 687 4388 .

114 4406 235 4457 vestibula
250 4413 274 4456 et
288 4405 373 4455 aditus
383 4420 540 4470 praeponere,
553 4405 645 4455 Orator
657 4417 688 4466 50

113 4473 235 4523 vestibula
257 4509 265 4523 .
294 4507 300 4520 .
323 4507 331 4522 .
358 4470 492 4536 adt'tusque
519 4470 552 4519 ad
580 4485 687 4520 cauum.

735 3030 761 3078 in
781 3031 925 3081 connection
942 3030 1002 3081 with
1021 3036 1106 3094 gentes
1127 3029 1176 3078 and
1195 3029 1308 3077 arationes

735 3096 761 3145 in
772 3095 815 3145 the
826 3096 949 3160 speeches.

768 3166 943 3211 maturabas:
969 3161 1112 3219 Deiotarus,
1125 3159 1182 3208 who
1198 3175 1249 3208 was
1267 3158 1309 3208 de·

735 3226 832 3291 spoiled
849 3227 875 3274 in
889 3227 977 3275 favour
993 3227 1022 3275 ol
1037 3227 1188 3290 Brogitarus,
1205 3231 1261 3288 §73
1274 3240 1308 3283 n,

734 3307 786 3341 was
798 3292 904 3342 tetrarch
917 3291 946 3341 ol
955 3291 1064 3341 Galatia.

768 3371 792 3420 9.
808 3362 955 3414 waunlaa:
968 3357 1079 3421 pecunia
1095 3356 1192 3420 strictly
1207 3355 1309 3403 denotes

735 3422 778 3472 the
788 3421 870 3470 whole
887 3429 974 3481 estate,
985 3422 1031 3472 i.e.
1041 3422 1151 3486 familia
1168 3438 1195 3471 as
1211 3420 1268 3467 well
1281 3436 1309 3468 as

735 3503 833 3550 money,
844 3503 927 3536 onvnas
941 3493 1042 3537 restam
1053 3488 1102 3537 soli
1111 3504 1187 3553 quam
1203 3484 1309 3545 arabiles,

735 3560 759 3602 at
777 3560 829 3601 tam
846 3560 946 3616 corpora
964 3569 1041 3619 quam
1062 3554 1123 3602 iura
1142 3555 1202 3615 Dig.
1219 3551 1249 3598 L.
1270 3550 1308 3599 16.

738 3632 798 3676 rau
826 3619 975 3679 sometimes,
994 3618 1115 3678 however,
1137 3619 1157 3668 it
1178 3619 1200 3667 is
1224 3615 1309 3665 distin·

735 3683 839 3748 guished
847 3684 910 3732 nom
919 3683 961 3733 the
960 3683 1079 3748 familia,
1089 3700 1112 3734 e.
1118 3701 1143 3748 g.
1155 3684 1188 3733 ad
1201 3685 1309 3748 Herepn.

735 3749 753 3798 i.
776 3763 806 3811 23
829 3749 866 3799 uti
888 3764 961 3814 super
974 3748 1085 3812 familia
1101 3750 1241 3815 pecuniave
1265 3765 1309 3798 sna

735 3815 863 3878 legaverit.
896 3814 931 3863 So
946 3815 1003 3864 here
1019 3816 1039 3864 it
1056 3816 1077 3864 is
1093 3816 1234 3865 contrasted
1250 3814 1310 3863 with

736 3881 778 3929 the
790 3880 865 3930 liberi
874 3880 924 3929 and
934 3881 1048 3944 coniuges
1061 3879 1161 3944 [Wirz].

771 3959 810 3993 ro.
826 3950 994 3997 surenam:
1012 3947 1044 3996 cf.
1057 3952 1069 4004 θ
1083 3959 1114 4009 53
1126 3962 1153 3995 n.

771 4009 1310 4070 1r.taasa,quaa...quaa...quaa:cl.

737 4076 876 4140 Madv.Ep.
885 4077 929 4126 Cr.
937 4091 962 4140 p.
969 4079 1001 4140 48
1012 4077 1051 4124 ‘in
1060 4077 1213 4141 pronominis
1222 4075 1309 4140 repeti·

738 4144 806 4192 tione
823 4142 873 4192 duo
892 4149 1002 4192 extrema
1020 4143 1132 4191 membra
1151 4141 1217 4191 nude
1234 4141 1310 4190 adiici

738 4213 854 4274 possunt:
870 4223 947 4256 unum
959 4223 1009 4256 non
1020 4205 1099 4256 solet?

775 4287 811 4321 ra.
835 4287 984 4321 servorum
1002 4277 1160 4322 uomitus:
1187 4271 1237 4319 this
1254 4286 1312 4334 may

737 4338 838 4387 referto
850 4337 983 4397 freedmen,
995 4337 1027 4387 cs.
1040 4344 1052 4396 ξ
1065 4338 1096 4400 87
1114 4336 1164 4385 and
1176 4338 1268 4385 Ascon.
1278 4336 1311 4384 ad

739 4403 797 4464 loc.,
806 4418 833 4452 or
842 4403 892 4452 else
903 4405 933 4452 be
942 4404 1016 4452 taken
1026 4402 1141 4466 literally.
1171 4402 1311 4451 Elsewhere

738 4469 770 4519 he
793 4469 923 4518 attributes
942 4468 1109 4518 conservative
1134 4467 1246 4517 instincts
1267 4475 1312 4516 not

688 4565 749 4622 Μ
