2926 4928
553 315 611 380 IN
636 316 970 383 MILONIANAM.
1299 328 1361 406 11'3

205 489 237 573 (p
253 485 319 575 46.)
364 490 477 554 Dixit
493 489 529 556 C.
547 489 755 555 Causinius
774 490 915 557 Schola
930 491 1239 570 Interamnanus,
1255 494 1361 559 sarni-

161 590 392 658 liarissimus
415 604 453 658 et
474 595 572 659 idem
594 616 723 661 comes
748 595 870 676 Clodi,
887 597 923 660 P.
941 596 1121 663 Clodium
1145 597 1214 664 illo
1237 599 1300 664 die
1323 599 1361 663 in

162 695 319 762 Albano
336 718 556 764 mansurum
573 698 701 764 luisse.

206 801 273 864 Hic
294 801 355 866 ruit
377 801 559 880 Causinius,
579 803 668 885 apud
686 824 785 888 quem
809 803 946 870 Clodius
969 806 1129 869 mansisse
1154 805 1362 871 Interamnae

133 916 147 967 5
162 905 265 969 videri
279 906 414 971 volebat
430 923 500 990 'qua
521 915 619 972 nocte
637 907 861 990 deprehensus
876 917 926 972 est
942 909 974 970 in
991 907 1141 973 Caesaris
1157 911 1268 985 domo,
1285 930 1361 973 cum

161 1009 208 1073 ibi
224 1010 257 1072 in
273 1019 391 1094 operto
405 1010 546 1095 virgines
561 1031 622 1095 pro
637 1011 762 1095 populo
778 1012 933 1076 Romano
949 1032 1041 1077 sacra
1057 1011 1209 1077 lacerent.

628 1258 756 1323 Pnuuo
780 1258 886 1323 Post.

207 1426 239 1515 (p
254 1428 321 1517 470)
345 1429 471 1507 Scitis,
487 1430 645 1508 iudices,
667 1429 796 1505 luisse,
812 1430 876 1513 qui
898 1428 935 1492 in
958 1430 1029 1494 hac
1052 1430 1256 1515 rogatione
1276 1443 1410 1495 sua-50

164 1535 289 1599 denda
317 1535 463 1599 diceret
486 1534 646 1598 Milonis
673 1553 783 1597 manu
808 1534 964 1598 caedem
989 1553 1074 1599 esse
1101 1534 1252 1610 laetam,
1275 1556 1362 1599 con·

119 1666 151 1701 ιο
164 1637 255 1703 silio
280 1659 372 1702 vero
397 1638 556 1702 maioris
577 1636 752 1702 alicuius.
797 1636 859 1700 Me
884 1637 1071 1702 videlicet
1102 1638 1294 1704 latronem
1325 1648 1363 1703 et

164 1742 347 1806 sicarium
362 1742 508 1806 abiecti
524 1740 700 1805 homines
715 1749 753 1804 et
769 1740 914 1821 perditi
931 1740 1216 1806 describebant.

209 1845 251 1928 Q.
283 1846 459 1930 Pompeius
490 1845 598 1909 Rufus
628 1855 662 1910 et
692 1843 729 1908 C.
758 1843 935 1908 Sallustius
965 1845 1087 1909 tribuni
1118 1844 1250 1909 fuerunt
1280 1866 1364 1929 quos

164 1947 337 2031 significat.
384 1949 430 2012 Hi
455 1948 542 2013 enirn
561 1948 657 2032 primi
680 1948 723 2012 de
743 1968 781 2011 ea
802 1947 875 2031 lege
899 1946 1033 2012 ferenda
1057 1948 1218 2033 populum
1240 1948 1364 2014 hortati

164 2061 243 2116 sunt
259 2061 292 2116 et
307 2052 464 2116 dixerunt
480 2073 500 2116 a
515 2071 616 2116 manu
632 2051 768 2115 Milonis
788 2052 932 2116 occisum
954 2072 1026 2116 esse
1042 2051 1207 2130 Clodium,
1226 2053 1365 2118 consilio

122 2178 151 2229 15
164 2175 243 2220 vero
260 2155 393 2220 maioris
408 2155 553 2220 alicuius.

209 2258 240 2344 (p
256 2257 323 2344 49.)
344 2259 469 2342 Atqui
493 2268 533 2323 ut
556 2257 615 2323 illi
638 2268 850 2323 nocturnus
873 2260 1262 2324 adventusvitandus
1282 2260 1364 2335 suit,

166 2365 222 2429 sic
237 2363 385 2441 Miloni,
401 2384 485 2426 curn
502 2362 711 2427 insidiator
729 2371 840 2440 esset,
856 2363 888 2424 si
904 2361 1012 2426 illurn
1031 2364 1080 2427 ad
1101 2365 1233 2428 urbem
1248 2373 1364 2428 noctu

165 2487 413 2532 accessurum
429 2465 592 2542 sciebat,
606 2464 887 2529 subsidendum
907 2475 940 2530 et
956 2476 1075 2530 cetera.

210 2571 276 2634 Via
300 2568 415 2653 Appia
438 2578 488 2634 est
510 2589 614 2653 prope
637 2570 753 2634 urbem
779 2578 1032 2633 monumentum
1058 2570 1168 2646 Basili,
1194 2570 1250 2653 qui
1276 2569 1367 2635 locus

123 2697 154 2733 20
166 2675 345 2739 latrociniis
367 2673 428 2736 luit
450 2673 650 2756 perinfamis
666 2672 757 2755 quod
781 2692 825 2735 ex
848 2672 922 2735 aliis
937 2693 1070 2756 quoque
1089 2674 1200 2737 multis
1219 2673 1367 2757 intellegi

166 2788 287 2862 potest.

212 2878 245 2967 (b
260 2877 327 2966 55.)
350 2879 526 2944 Comites
553 2877 732 2944 Graeculi
756 2899 1000 2964 quocumque
1022 2880 1115 2959 ibat,
1140 2880 1257 2944 etiarn
1283 2900 1366 2945 curn

167 2985 207 3050 in
221 2994 352 3050 castra
370 2984 538 3048 Etrusca
553 2983 800 3068 properabat.

213 3088 322 3171 Saepe
334 3087 453 3152 obiecit
464 3087 584 3152 Clodio
597 3086 712 3153 Cicero
724 3088 852 3151 socium
869 3107 945 3152 eum
961 3086 1194 3151 coniurationis
1206 3086 1368 3151 Catilinae

121 3216 153 3266 25
167 3193 290 3272 fuisse3
314 3213 414 3275 quarn
435 3212 504 3254 rem
523 3212 609 3255 nunc
630 3212 763 3274 quoque
784 3193 924 3256 reticens
939 3190 1094 3255 ostendit.
1142 3190 1264 3254 Fuerat
1281 3190 1366 3254 enim

168 3298 292 3381 opinio,
303 3305 340 3360 ut
353 3294 496 3361 Catilina
505 3315 549 3359 ex
563 3294 643 3359 urbe
658 3294 848 3378 profugerat
865 3295 898 3359 in
913 3304 1022 3359 castra
1035 3294 1140 3358 Manli
1156 3295 1369 3370 centurionis,

168 3402 226 3484 qui
241 3411 313 3466 turn
329 3402 362 3463 in
372 3399 505 3463 Etruria
517 3398 559 3462 ad
571 3398 726 3463 Faesulas
738 3399 919 3463 exercitum
933 3399 963 3462 ei
976 3399 1199 3480 comparabat,
1211 3396 1367 3464 Clodium

168 3505 325 3587 subsequi
348 3524 424 3568 eum
446 3502 591 3568 voluisse
612 3512 646 3567 et
669 3503 825 3584 coepisse,
839 3511 911 3566 tum
932 3501 1009 3566 dein
1030 3509 1159 3566 mutato
1181 3500 1317 3566 consilio
1336 3501 1369 3564 in

169 3608 286 3673 urbem
307 3607 437 3671 redisse.

121 3733 157 3783 30
214 3711 245 3797 (p
262 3707 327 3794 67.)
350 3711 438 3774 Non
464 3710 538 3775 iam
564 3709 637 3773 hoc
664 3708 892 3775 Clodianum
918 3707 1061 3772 crimen
1091 3707 1280 3785 timemus,
1302 3708 1369 3772 sed

169 3827 266 3894 tuas,
294 3814 357 3879 Cn.
386 3814 627 3896 Pompei-te
653 3815 755 3877 enim
781 3812 953 3896 appello,
981 3820 1020 3876 et
1045 3831 1089 3876 ea
1118 3831 1221 3890 voce,
1243 3820 1285 3876 ut
1311 3832 1371 3876 me

204 4061 228 4108 4.
246 4051 321 4104 opud
339 4059 436 4103 quem:
462 4044 593 4104 Asconius,
616 4060 643 4092 as
664 4042 744 4102 usual,
793 4049 847 4091 tom
859 4042 888 4091 of
897 4042 1018 4091 Asconius
1029 4047 1056 4090 to
1068 4041 1161 4104 merely
1169 4041 1318 4105 paraphrase
1329 4042 1372 4092 the

169 4112 239 4177 gives
261 4127 276 4160 a
298 4111 367 4175 piece
390 4109 419 4158 oi
437 4109 562 4159 recondite
580 4109 739 4158 information
794 4114 854 4167 text,
868 4123 896 4156 as
907 4108 991 4156 would
1002 4107 1034 4156 be
1045 4105 1088 4156 the
1100 4121 1156 4155 case
1166 4106 1189 4154 il
1197 4104 1239 4155 the
1252 4107 1371 4156 omission

170 4177 304 4228 Causinius
321 4177 342 4224 is
359 4182 403 4224 not
417 4175 560 4224 mentioned
571 4175 703 4224 elsewhere
720 4190 749 4224 as
795 4174 825 4223 oi
833 4174 906 4222 cuius
918 4210 923 4220 .
937 4209 943 4222 .
955 4210 961 4222 .
975 4173 1068 4221 Romae
1079 4187 1143 4221 were
1154 4171 1203 4220 due
1215 4176 1242 4219 to
1251 4172 1372 4220 accident.

170 4242 214 4293 the
225 4243 324 4291 wimess
340 4249 367 4291 to
381 4240 424 4290 the
438 4241 502 4289 alibi
512 4241 541 4289 oi
550 4240 663 4290 clodius.
698 4240 749 4288 For
831 4253 868 4302 19.
888 4243 994 4286 Basili:
1013 4237 1044 4286 ci.
1060 4237 1113 4286 Att.
1126 4237 1167 4284 vii.
1179 4251 1203 4300 9.
1220 4250 1231 4284 1
1251 4235 1371 4301 (litteras)

170 4307 215 4358 the
237 4307 356 4356 scholium
385 4305 492 4355 founded
520 4322 587 4370 upon
614 4307 654 4354 his
681 4311 747 4364 note,
797 4305 902 4354 ...Δ
917 4302 1062 4364 Quinctius,
1065 4301 1214 4365 familiaris
1229 4316 1305 4358 meres,
1316 4318 1373 4350 cum

171 4373 254 4423 which
267 4373 311 4421 has
323 4371 396 4421 made
407 4371 502 4435 itsway
513 4372 566 4421 into
578 4371 614 4420 all
625 4371 667 4421 the
677 4370 749 4419 MSS.
788 4369 879 4434 serrat,
903 4369 938 4416 ad
958 4369 1058 4416 busim
1080 4366 1168 4416 Basili
1185 4366 1330 4416 volneratus
1351 4374 1375 4418 ct

171 4445 260 4503 except
272 4438 307 4499 H,
320 4453 360 4487 see
377 4435 435 4501 §46
447 4453 473 4486 n.
507 4437 532 4486 It
548 4437 570 4487 is
581 4444 626 4486 not
642 4436 684 4486 the
696 4451 750 4485 cus·
797 4435 918 4499 spoliatus
929 4439 970 4482 est.

768 4531 782 4582 I
