2926 4928
128 321 193 369 120
465 299 677 367 SCHOLIA
708 297 977 365 BOBIENSIA

126 479 245 562 pedem
276 475 425 556 rettulit;
458 486 493 540 et
516 474 648 539 exsistit
673 473 758 537 alius
781 483 952 557 praeterea
977 471 1059 536 liber
1087 480 1241 534 actorum
1269 489 1330 553 pro

128 582 264 659 Milone,
295 583 328 644 in
358 600 425 664 quo
455 579 568 643 omnia
596 578 778 658 interrupta
807 586 842 641 et
870 575 1009 660 inpolita
1038 583 1072 639 et
1101 575 1205 651 rudia,
1229 574 1330 656 plena

125 686 267 768 denique
297 683 434 747 maximi
469 682 603 748 terroris
640 701 811 763 agnoscas.
875 679 966 745 Sane
995 680 1180 743 orationem
1212 687 1331 760 postea

125 788 274 873 legitimo
289 808 390 871 opere
405 796 440 852 et
455 786 579 849 maiore
599 805 686 860 cura,
701 792 819 866 utpote
841 784 908 846 iam
927 781 1142 848 confirmatus
1162 781 1277 844 animo
1298 788 1331 843 et

127 895 159 957 in
194 892 379 967 securitate,
413 889 618 972 conscripsit.
678 887 747 953 Sed
783 887 871 950 enim
904 907 981 952 cum
1015 886 1099 950 ratio
1128 883 1358 948 defensionis5

126 995 222 1060 huius
237 990 455 1071 ordinaretur,
471 1012 615 1075 quonam
632 992 734 1055 modo
749 1000 783 1055 et
798 991 979 1055 secundum
997 1010 1096 1072 quem
1117 987 1331 1072 potissimum

126 1109 250 1164 statum
274 1099 329 1181 agi
351 1117 412 1180 pro
437 1097 566 1161 Milone
595 1103 773 1178 oporteret,
800 1094 847 1157 M.
878 1095 1001 1158 Brutus
1024 1092 1231 1156 existimavit
1256 1089 1332 1154 κατὰ

127 1203 304 1266 ἀντίστασιν
318 1222 378 1284 pro
393 1221 435 1266 eo
450 1221 523 1264 esse
537 1199 724 1277 dicendum,
736 1217 823 1281 quae
837 1219 858 1262 a
872 1197 967 1262 nobis
981 1197 1173 1260 nominatur
1186 1193 1332 1277 qualitas

126 1308 380 1389 compensativa.
426 1304 502 1369 Hoc
517 1303 684 1367 enimvero
701 1302 852 1367 Ciceroni
866 1301 974 1366 visum
990 1309 1040 1366 est
1055 1320 1174 1382 parum
1189 1297 1333 1376 salubre,

127 1429 205 1474 nam
223 1409 338 1474 maluit
361 1456 369 1472 .
393 1456 401 1472 .
426 1457 434 1472 .
456 1407 575 1491 specie,
592 1407 627 1472 id
643 1416 693 1471 est
708 1405 777 1470 rela
799 1455 807 1471 .
830 1453 838 1470 .
864 1452 872 1467 .
1347 1431 1376 1466 ιο

458 1862 995 1946 COMMENTARIUS.

173 2071 241 2155 Μ.
264 2072 421 2155 Negant
449 2071 595 2136 intueri
625 2071 749 2135 lucem
774 2091 860 2135 esse
888 2071 948 2134 fas
976 2071 1020 2146 ei,
1050 2071 1116 2156 qui
1147 2092 1168 2134 a
1200 2090 1242 2132 se
1272 2068 1336 2133 ho·

129 2175 270 2239 minem
285 2176 455 2240 occisum
472 2197 557 2241 esse
572 2175 756 2239 fateatur.

71 2335 76 2342 -
173 2295 333 2361 Horatius
356 2295 461 2361 victor
483 2297 620 2361 domum
643 2316 820 2378 regressus,
841 2296 959 2360 occisis
981 2297 1087 2360 tribus
1107 2294 1252 2359 Curiatis
1272 2291 1337 2358 Al-

128 2398 301 2476 banorum,
330 2399 463 2464 obviam
493 2421 640 2464 sororem
671 2399 788 2462 habuit
814 2399 1071 2484 deplangentem
1101 2398 1179 2463 Atti
1207 2396 1338 2462 Curiati
1352 2418 1381 2469 15

129 2504 268 2581 obitum,
291 2504 342 2568 cui
365 2504 531 2588 desponsa
557 2502 673 2568 fuerat.
719 2501 775 2567 Ob
800 2502 840 2567 id
860 2501 1021 2569 interfecit
1047 2524 1122 2568 eam
1147 2502 1269 2579 frater;
1303 2510 1338 2565 et

130 2606 235 2689 spolia
251 2607 462 2672 Curiatorum
477 2604 550 2692 (sic)
565 2608 652 2672 trina
667 2605 743 2672 fixit
763 2605 837 2672 loco
853 2606 984 2686 celebri,
998 2609 1050 2670 cui
1069 2607 1156 2691 pilae
1173 2606 1339 2671 Horatiae

131 2731 252 2774 nomen
286 2720 346 2775 est.
402 2710 467 2774 Hic
505 2720 618 2776 tamen
656 2710 767 2775 caedis
799 2721 972 2776 accusatus
1003 2711 1047 2775 ab
1076 2711 1227 2789 inimicis,
1260 2730 1337 2774 cum

131 2815 249 2896 capitis
272 2833 406 2879 causam
428 2825 511 2898 aput
533 2813 670 2879 Tullum
693 2834 815 2896 regem,
830 2823 926 2897 patre
948 2813 1157 2894 defendente,
1174 2814 1318 2879 dixisset
1330 2835 1338 2894 ;

131 2918 308 2983 damnatus
332 2919 376 2983 ad
406 2919 568 3002 populum
599 2919 791 3003 provocavit
818 2918 1056 3004 absolutusque
1079 2927 1130 2984 est
1159 2929 1193 2984 et
1224 2929 1338 2984 tamen
1352 2944 1383 2980 πο

131 3022 260 3104 expiari
284 3023 399 3086 iussus.
447 3021 645 3088 Constitutis
667 3022 767 3106 igitur
789 3022 919 3087 duabus
940 3023 1005 3089 aris
1029 3023 1112 3087 Iano
1132 3021 1281 3088 Curiatio
1305 3033 1339 3088 et

134 3124 251 3189 Iunoni
269 3124 431 3206 Sororiae,
447 3147 610 3210 superque
626 3147 681 3191 eas
696 3127 818 3191 iniecto
833 3127 950 3210 tigillo,
968 3127 1129 3193 Horatius
1144 3127 1206 3190 sub
1222 3127 1339 3210 iugum

131 3229 304 3294 traductus
327 3240 386 3293 est.
433 3230 472 3294 Id
496 3231 748 3314 expiamentum
777 3231 958 3295 memoriae
988 3240 1155 3295 servatum
1181 3231 1340 3297 adhunc

131 3352 236 3414 usque
251 3333 340 3396 diem
356 3331 498 3417 tigillum
513 3334 675 3398 sororium
690 3333 887 3416 appellatur.

176 3461 193 3545 p
214 3481 243 3544 9.
269 3460 451 3527 Gladium
474 3463 586 3527 nobis
608 3463 655 3526 ad
676 3462 871 3526 hominem
893 3462 1150 3531 occidendum
1171 3462 1218 3526 ab
1242 3462 1340 3545 ipsis
1356 3485 1385 3535 ²5

132 3565 278 3649 porrigi
302 3563 468 3648 legibus.

177 3687 288 3750 Βιαίως
318 3687 550 3750 auctoritatem
582 3686 663 3751 XII.
694 3685 882 3750 tabularum
912 3687 957 3750 ad
987 3685 1230 3751 defendendam
1260 3705 1342 3751 con·

133 3787 308 3853 sessionem
325 3789 460 3854 Milonis
477 3790 585 3867 trahit,
598 3810 684 3872 quae
698 3791 894 3873 grassatoris
909 3788 1127 3853 interficiendi
1139 3798 1342 3871 potestatem

134 3892 265 3969 faciunt,
289 3913 348 3975 per
375 3894 464 3957 diem
491 3892 519 3955 si
541 3903 688 3956 armatus
711 3893 833 3967 veniat,
856 3902 956 3957 noctu
978 3913 1057 3958 vero
1080 3912 1214 3976 quoquo
1238 3895 1343 3956 modo

133 3997 266 4059 venerit.
312 3993 481 4080 (Ἐυαυτιά)
504 3997 580 4061 huic
602 3997 847 4078 argumentatio
871 4005 920 4060 est
943 3997 976 4058 in
998 3995 1054 4061 illa
1076 3997 1235 4071 oratione,
1256 4016 1343 4079 quae
1357 4014 1389 4064 30

135 4099 210 4164 PRO
224 4098 271 4161 M.
286 4099 433 4166 TULLIO
449 4100 642 4164 inscribitur.
677 4100 729 4164 Ibi
747 4102 871 4184 quippe
887 4101 1042 4182 quoniam
1054 4099 1144 4164 aliud
1161 4101 1343 4182 praesentis

133 4203 257 4287 negotii
277 4204 428 4268 condicio
445 4205 613 4288 poscebat,
630 4205 719 4288 ipsas
734 4225 867 4288 quoque
887 4205 967 4267 XII.
984 4203 1114 4268 tabulas
1135 4205 1343 4268 adseveravit

134 4309 299 4371 excubare
315 4328 374 4389 pro
390 4307 562 4371 hominum
579 4308 696 4388 salute,
708 4329 794 4392 quae
808 4308 895 4374 hanc
914 4308 1124 4372 interimendi
1140 4316 1341 4392 potestatem

134 4431 200 4475 non
216 4411 311 4476 facile
327 4413 545 4495 permiserint.
