<?xml version="1.0" encoding="UTF-8"?>
<!DOCTYPE html PUBLIC "-//W3C//DTD XHTML 1.0 Transitional//EN"
    "http://www.w3.org/TR/xhtml1/DTD/xhtml1-transitional.dtd">
<html xmlns="http://www.w3.org/1999/xhtml" xml:lang="en" lang="en">
 <head>
  <title>
</title>
<meta http-equiv="Content-Type" content="text/html;charset=utf-8" />
  <meta name='ocr-system' content='tesseract 3.04.00' />
  <meta name='ocr-capabilities' content='ocr_page ocr_carea ocr_par ocr_line ocrx_word'/>
</head>
<body>
  <div class='ocr_page' id='page_1' title='image "./protanniomilone00cicgoog/protanniomilone00cicgoog_0113.png"; bbox 0 0 2926 4928; ppageno 0'>
   <div class='ocr_carea' id='block_1_1' title="bbox 190 309 1112 398">
    <p class='ocr_par' dir='ltr' id='par_1_1' title="bbox 190 309 1112 398">
     <span class='ocr_line' id='line_1_1' title="bbox 190 309 1112 398; baseline 0 -20"><span class='ocrx_word' id='word_1_1' title='bbox 190 309 235 398; x_wconf 83' lang='lat'>38</span> <span class='ocrx_word' id='word_1_2' title='bbox 544 314 590 378; x_wconf 92' lang='lat' dir='ltr'>M.</span> <span class='ocrx_word' id='word_1_3' title='bbox 628 313 657 376; x_wconf 87' lang='lat' dir='ltr'><em>T</em></span> <span class='ocrx_word' id='word_1_4' title='bbox 658 313 772 377; x_wconf 85' lang='lat' dir='ltr'><em>ULLI</em></span> <span class='ocrx_word' id='word_1_5' title='bbox 799 312 1056 378; x_wconf 84' lang='lat' dir='ltr'><em>CICERONIS</em></span> <span class='ocrx_word' id='word_1_6' title='bbox 1110 389 1112 393; x_wconf 68' lang='lat'>,</span> 
     </span>
    </p>
   </div>
   <div class='ocr_carea' id='block_1_2' title="bbox 143 487 1418 980">
    <p class='ocr_par' dir='ltr' id='par_1_2' title="bbox 143 487 1418 980">
     <span class='ocr_line' id='line_1_2' title="bbox 190 487 1391 570; baseline -0.003 -16"><span class='ocrx_word' id='word_1_7' title='bbox 190 490 287 554; x_wconf 88' lang='lat' dir='ltr'>ficere</span> <span class='ocrx_word' id='word_1_8' title='bbox 307 490 395 554; x_wconf 87' lang='lat' dir='ltr'>illam</span> <span class='ocrx_word' id='word_1_9' title='bbox 418 498 547 570; x_wconf 90' lang='lat' dir='ltr'>pestem</span> <span class='ocrx_word' id='word_1_10' title='bbox 568 488 659 552; x_wconf 90' lang='lat' dir='ltr'>nulla</span> <span class='ocrx_word' id='word_1_11' title='bbox 680 511 740 554; x_wconf 90' lang='lat' dir='ltr'>sua</span> <span class='ocrx_word' id='word_1_12' title='bbox 763 488 896 566; x_wconf 88' lang='lat' dir='ltr'>invidia,</span> <span class='ocrx_word' id='word_1_13' title='bbox 920 487 967 551; x_wconf 92' lang='lat' dir='ltr'>M.</span> <span class='ocrx_word' id='word_1_14' title='bbox 988 510 1067 554; x_wconf 89' lang='lat' dir='ltr'>vero</span> <span class='ocrx_word' id='word_1_15' title='bbox 1090 487 1219 552; x_wconf 84' lang='lat' dir='ltr'>Antoni</span> <span class='ocrx_word' id='word_1_16' title='bbox 1242 489 1391 552; x_wconf 89' lang='lat' dir='ltr'>maxima</span> 
     </span>
     <span class='ocr_line' id='line_1_3' title="bbox 143 591 1391 678; baseline -0.002 -21"><span class='ocrx_word' id='word_1_17' title='bbox 143 625 177 670; x_wconf 91' lang='lat'>41</span> <span class='ocrx_word' id='word_1_18' title='bbox 190 594 313 678; x_wconf 89' lang='lat' dir='ltr'>gloria!</span> <span class='ocrx_word' id='word_1_19' title='bbox 337 593 451 677; x_wconf 83' lang='lat' dir='ltr'><strong>Quid?</strong></span> <span class='ocrx_word' id='word_1_20' title='bbox 474 594 613 657; x_wconf 89' lang='lat' dir='ltr'>comitiis</span> <span class='ocrx_word' id='word_1_21' title='bbox 630 593 664 655; x_wconf 94' lang='lat' dir='ltr'>in</span> <span class='ocrx_word' id='word_1_22' title='bbox 680 613 799 675; x_wconf 85' lang='lat' dir='ltr'>eampo</span> <span class='ocrx_word' id='word_1_23' title='bbox 812 593 965 675; x_wconf 92' lang='lat' dir='ltr'>quotiens</span> <span class='ocrx_word' id='word_1_24' title='bbox 980 601 1128 674; x_wconf 91' lang='lat' dir='ltr'>potestas</span> <span class='ocrx_word' id='word_1_25' title='bbox 1139 592 1220 656; x_wconf 85' lang='lat' dir='ltr'>fuiti</span> <span class='ocrx_word' id='word_1_26' title='bbox 1244 612 1319 655; x_wconf 90' lang='lat' dir='ltr'>cum</span> <span class='ocrx_word' id='word_1_27' title='bbox 1336 591 1391 654; x_wconf 93' lang='lat' dir='ltr'>ille</span> 
     </span>
     <span class='ocr_line' id='line_1_4' title="bbox 191 695 1391 781; baseline -0.003 -20"><span class='ocrx_word' id='word_1_28' title='bbox 191 701 224 762; x_wconf 92' lang='lat' dir='ltr'>in</span> <span class='ocrx_word' id='word_1_29' title='bbox 253 706 368 780; x_wconf 86' lang='lat' dir='ltr'>saepta</span> <span class='ocrx_word' id='word_1_30' title='bbox 398 697 578 778; x_wconf 85' lang='lat' dir='ltr'>irrupisset,</span> <span class='ocrx_word' id='word_1_31' title='bbox 607 696 739 779; x_wconf 86' lang='lat' dir='ltr'>gladios</span> <span class='ocrx_word' id='word_1_32' title='bbox 774 697 1035 781; x_wconf 87' lang='lat' dir='ltr'><strong>destringendos,</strong></span> <span class='ocrx_word' id='word_1_33' title='bbox 1067 695 1194 776; x_wconf 91' lang='lat' dir='ltr'>lapides</span> <span class='ocrx_word' id='word_1_34' title='bbox 1225 695 1391 759; x_wconf 86' lang='lat' dir='ltr'>iaciendos</span> 
     </span>
     <span class='ocr_line' id='line_1_5' title="bbox 184 797 1391 882; baseline -0.008 -12"><span class='ocrx_word' id='word_1_35' title='bbox 184 811 344 875; x_wconf 74' lang='lat' dir='ltr'>curasset,</span> <span class='ocrx_word' id='word_1_36' title='bbox 371 802 447 865; x_wconf 91' lang='lat' dir='ltr'>dein</span> <span class='ocrx_word' id='word_1_37' title='bbox 474 801 586 865; x_wconf 91' lang='lat' dir='ltr'>subito</span> <span class='ocrx_word' id='word_1_38' title='bbox 612 800 705 864; x_wconf 89' lang='lat' dir='ltr'>vultu</span> <span class='ocrx_word' id='word_1_39' title='bbox 735 800 870 863; x_wconf 88' lang='lat' dir='ltr'>Milonis</span> <span class='ocrx_word' id='word_1_40' title='bbox 897 801 1087 882; x_wconf 91' lang='lat' dir='ltr'>perterritus</span> <span class='ocrx_word' id='word_1_41' title='bbox 1112 797 1241 881; x_wconf 88' lang='lat' dir='ltr'>fugeret</span> <span class='ocrx_word' id='word_1_42' title='bbox 1267 798 1309 862; x_wconf 94' lang='lat' dir='ltr'>ad</span> <span class='ocrx_word' id='word_1_43' title='bbox 1334 799 1391 861; x_wconf 90' lang='lat' dir='ltr'>Ti-</span> 
     </span>
     <span class='ocr_line' id='line_1_6' title="bbox 190 901 1418 980; baseline -0.002 -12"><span class='ocrx_word' id='word_1_44' title='bbox 190 906 304 979; x_wconf 91' lang='lat' dir='ltr'>berim,</span> <span class='ocrx_word' id='word_1_45' title='bbox 326 925 386 968; x_wconf 91' lang='lat' dir='ltr'>vos</span> <span class='ocrx_word' id='word_1_46' title='bbox 410 913 444 968; x_wconf 89' lang='lat' dir='ltr'>et</span> <span class='ocrx_word' id='word_1_47' title='bbox 468 923 584 966; x_wconf 90' lang='lat' dir='ltr'>omnes</span> <span class='ocrx_word' id='word_1_48' title='bbox 607 903 686 967; x_wconf 93' lang='lat' dir='ltr'>boni</span> <span class='ocrx_word' id='word_1_49' title='bbox 709 912 789 967; x_wconf 91' lang='lat' dir='ltr'>vota</span> <span class='ocrx_word' id='word_1_50' title='bbox 811 901 970 980; x_wconf 91' lang='lat' dir='ltr'>faceretis,</span> <span class='ocrx_word' id='word_1_51' title='bbox 994 911 1031 966; x_wconf 95' lang='lat' dir='ltr'>ut</span> <span class='ocrx_word' id='word_1_52' title='bbox 1055 902 1174 966; x_wconf 89' lang='lat' dir='ltr'>Miloni</span> <span class='ocrx_word' id='word_1_53' title='bbox 1201 903 1249 966; x_wconf 91' lang='lat' dir='ltr'>uti</span> <span class='ocrx_word' id='word_1_54' title='bbox 1272 904 1392 967; x_wconf 91' lang='lat' dir='ltr'>virtute</span> <span class='ocrx_word' id='word_1_55' title='bbox 1405 932 1418 980; x_wconf 87' lang='lat'>5</span> 
     </span>
    </p>
   </div>
   <div class='ocr_carea' id='block_1_3' title="bbox 126 1009 1438 2022">
    <p class='ocr_par' dir='ltr' id='par_1_3' title="bbox 190 1009 1346 1084">
     <span class='ocr_line' id='line_1_7' title="bbox 190 1009 1346 1084; baseline -0.002 -12"><span class='ocrx_word' id='word_1_56' title='bbox 190 1030 248 1072; x_wconf 89' lang='lat' dir='ltr'>sua</span> <span class='ocrx_word' id='word_1_57' title='bbox 264 1009 389 1072; x_wconf 90' lang='lat' dir='ltr'>liberet.</span> <span class='ocrx_word' id='word_1_58' title='bbox 1339 1070 1346 1084; x_wconf 65' lang='grc'>,</span> 
     </span>
    </p>

    <p class='ocr_par' dir='ltr' id='par_1_4' title="bbox 126 1109 1394 1402">
     <span class='ocr_line' id='line_1_8' title="bbox 126 1109 1390 1195; baseline -0.002 -20"><span class='ocrx_word' id='word_1_59' title='bbox 126 1121 175 1188; x_wconf 84' lang='grc'>16</span> <span class='ocrx_word' id='word_1_60' title='bbox 234 1112 344 1194; x_wconf 83' lang='lat' dir='ltr'><strong>Quem</strong></span> <span class='ocrx_word' id='word_1_61' title='bbox 376 1112 475 1195; x_wconf 90' lang='lat' dir='ltr'>igitur</span> <span class='ocrx_word' id='word_1_62' title='bbox 505 1110 759 1175; x_wconf 75' lang='lat' dir='ltr'>cum&#39;omnium</span> <span class='ocrx_word' id='word_1_63' title='bbox 786 1110 894 1190; x_wconf 72' lang='lat' dir='ltr'>gratia</span> <span class='ocrx_word' id='word_1_64' title='bbox 921 1109 1036 1185; x_wconf 92' lang='lat' dir='ltr'>noluit,</span> <span class='ocrx_word' id='word_1_65' title='bbox 1067 1109 1154 1174; x_wconf 92' lang='lat' dir='ltr'>hunc</span> <span class='ocrx_word' id='word_1_66' title='bbox 1180 1109 1284 1174; x_wconf 90' lang='lat' dir='ltr'>voluit</span> <span class='ocrx_word' id='word_1_67' title='bbox 1315 1131 1390 1174; x_wconf 91' lang='lat' dir='ltr'>cum</span> 
     </span>
     <span class='ocr_line' id='line_1_9' title="bbox 189 1212 1394 1300; baseline -0.002 -21"><span class='ocrx_word' id='word_1_68' title='bbox 189 1217 373 1300; x_wconf 88' lang='lat' dir='ltr'>aliquorum</span> <span class='ocrx_word' id='word_1_69' title='bbox 389 1214 543 1298; x_wconf 86' lang='lat' dir='ltr'>querella,</span> <span class='ocrx_word' id='word_1_70' title='bbox 559 1235 658 1297; x_wconf 90' lang='lat' dir='ltr'>quem</span> <span class='ocrx_word' id='word_1_71' title='bbox 676 1216 751 1292; x_wconf 89' lang='lat' dir='ltr'>iure,</span> <span class='ocrx_word' id='word_1_72' title='bbox 770 1234 868 1296; x_wconf 90' lang='lat' dir='ltr'>quem</span> <span class='ocrx_word' id='word_1_73' title='bbox 889 1212 970 1289; x_wconf 91' lang='lat' dir='ltr'>loeo,</span> <span class='ocrx_word' id='word_1_74' title='bbox 989 1234 1089 1294; x_wconf 92' lang='lat' dir='ltr'>quem</span> <span class='ocrx_word' id='word_1_75' title='bbox 1110 1223 1271 1296; x_wconf 92' lang='lat' dir='ltr'>tempore,</span> <span class='ocrx_word' id='word_1_76' title='bbox 1291 1234 1394 1296; x_wconf 89' lang='lat' dir='ltr'>quem</span> 
     </span>
     <span class='ocr_line' id='line_1_10' title="bbox 189 1317 1392 1402; baseline 0 -20"><span class='ocrx_word' id='word_1_77' title='bbox 189 1322 323 1402; x_wconf 90' lang='lat' dir='ltr'>impune</span> <span class='ocrx_word' id='word_1_78' title='bbox 339 1341 405 1382; x_wconf 95' lang='lat' dir='ltr'>non</span> <span class='ocrx_word' id='word_1_79' title='bbox 422 1330 473 1384; x_wconf 93' lang='lat' dir='ltr'>est</span> <span class='ocrx_word' id='word_1_80' title='bbox 488 1340 595 1396; x_wconf 89' lang='lat' dir='ltr'>ausus,</span> <span class='ocrx_word' id='word_1_81' title='bbox 610 1318 697 1381; x_wconf 89' lang='lat' dir='ltr'>hunc</span> <span class='ocrx_word' id='word_1_82' title='bbox 718 1319 844 1396; x_wconf 82' lang='lat' dir='ltr'>iniuria,</span> <span class='ocrx_word' id='word_1_83' title='bbox 862 1318 975 1400; x_wconf 92' lang='lat' dir='ltr'>iniquo</span> <span class='ocrx_word' id='word_1_84' title='bbox 994 1317 1080 1396; x_wconf 93' lang='lat' dir='ltr'>loc0,</span> <span class='ocrx_word' id='word_1_85' title='bbox 1101 1317 1207 1381; x_wconf 90' lang='lat' dir='ltr'>alieno</span> <span class='ocrx_word' id='word_1_86' title='bbox 1229 1328 1392 1401; x_wconf 89' lang='lat' dir='ltr'>tempore,</span> 
     </span>
    </p>

    <p class='ocr_par' dir='ltr' id='par_1_5' title="bbox 138 1423 1438 2022">
     <span class='ocr_line' id='line_1_11' title="bbox 138 1423 1438 1507; baseline -0.005 -19"><span class='ocrx_word' id='word_1_87' title='bbox 138 1449 174 1493; x_wconf 81' lang='lat'>42</span> <span class='ocrx_word' id='word_1_88' title='bbox 189 1425 333 1507; x_wconf 90' lang='lat' dir='ltr'>periculo</span> <span class='ocrx_word' id='word_1_89' title='bbox 363 1424 480 1504; x_wconf 89' lang='lat' dir='ltr'>capitis</span> <span class='ocrx_word' id='word_1_90' title='bbox 509 1443 576 1486; x_wconf 91' lang='lat' dir='ltr'>non</span> <span class='ocrx_word' id='word_1_91' title='bbox 609 1423 776 1486; x_wconf 90' lang='lat' dir='ltr'>dubitavit</span> <span class='ocrx_word' id='word_1_92' title='bbox 811 1423 983 1486; x_wconf 84' lang='lat' dir='ltr'>occidere?</span> <span class='ocrx_word' id='word_1_93' title='bbox 1017 1423 1223 1505; x_wconf 88' lang='lat' dir='ltr'>praesertim,</span> <span class='ocrx_word' id='word_1_94' title='bbox 1258 1423 1390 1496; x_wconf 90' lang='lat' dir='ltr'>iudices,</span> <span class='ocrx_word' id='word_1_95' title='bbox 1408 1448 1438 1482; x_wconf 85' lang='grc' dir='ltr'>ιο</span> 
     </span>
     <span class='ocr_line' id='line_1_12' title="bbox 188 1525 1427 1610; baseline -0.002 -19"><span class='ocrx_word' id='word_1_96' title='bbox 188 1549 263 1592; x_wconf 91' lang='lat' dir='ltr'>cum</span> <span class='ocrx_word' id='word_1_97' title='bbox 287 1527 420 1590; x_wconf 92' lang='lat' dir='ltr'>honoris</span> <span class='ocrx_word' id='word_1_98' title='bbox 443 1525 638 1610; x_wconf 84' lang='lat' dir='ltr'>amplissimi</span> <span class='ocrx_word' id='word_1_99' title='bbox 660 1526 830 1590; x_wconf 91' lang='lat' dir='ltr'>contentio</span> <span class='ocrx_word' id='word_1_100' title='bbox 853 1535 887 1590; x_wconf 92' lang='lat' dir='ltr'>et</span> <span class='ocrx_word' id='word_1_101' title='bbox 910 1526 980 1589; x_wconf 90' lang='lat' dir='ltr'>dies</span> <span class='ocrx_word' id='word_1_102' title='bbox 1002 1527 1210 1590; x_wconf 89' lang='lat' dir='ltr'>comitiorum</span> <span class='ocrx_word' id='word_1_103' title='bbox 1232 1528 1391 1601; x_wconf 87' lang='lat' dir='ltr'>subesset,</span> <span class='ocrx_word' id='word_1_104' title='bbox 1424 1535 1427 1539; x_wconf 82' lang='grc'><strong>’</strong></span> 
     </span>
     <span class='ocr_line' id='line_1_13' title="bbox 187 1630 1391 1713; baseline -0.002 -19"><span class='ocrx_word' id='word_1_105' title='bbox 187 1653 254 1713; x_wconf 93' lang='lat' dir='ltr'>quo</span> <span class='ocrx_word' id='word_1_106' title='bbox 270 1632 403 1713; x_wconf 92' lang='lat' dir='ltr'>quidem</span> <span class='ocrx_word' id='word_1_107' title='bbox 421 1639 578 1711; x_wconf 90' lang='lat' dir='ltr'>tempore,</span> <span class='ocrx_word' id='word_1_108' title='bbox 595 1630 663 1695; x_wconf 93' lang='lat' dir='ltr'>scio</span> <span class='ocrx_word' id='word_1_109' title='bbox 679 1631 776 1706; x_wconf 90' lang='lat' dir='ltr'>enim,</span> <span class='ocrx_word' id='word_1_110' title='bbox 787 1649 888 1712; x_wconf 90' lang='lat' dir='ltr'>quam</span> <span class='ocrx_word' id='word_1_111' title='bbox 905 1631 1022 1692; x_wconf 89' lang='lat' dir='ltr'>timida</span> <span class='ocrx_word' id='word_1_112' title='bbox 1037 1631 1080 1693; x_wconf 91' lang='lat' dir='ltr'>sit</span> <span class='ocrx_word' id='word_1_113' title='bbox 1096 1631 1235 1694; x_wconf 89' lang='lat' dir='ltr'>ambitio</span> <span class='ocrx_word' id='word_1_114' title='bbox 1251 1640 1391 1713; x_wconf 90' lang='lat' dir='ltr'>quanta·</span> 
     </span>
     <span class='ocr_line' id='line_1_14' title="bbox 187 1733 1391 1816; baseline 0.001 -19"><span class='ocrx_word' id='word_1_115' title='bbox 187 1756 252 1816; x_wconf 90' lang='lat' dir='ltr'>que</span> <span class='ocrx_word' id='word_1_116' title='bbox 268 1745 302 1797; x_wconf 91' lang='lat' dir='ltr'>et</span> <span class='ocrx_word' id='word_1_117' title='bbox 320 1754 421 1816; x_wconf 90' lang='lat' dir='ltr'>quam</span> <span class='ocrx_word' id='word_1_118' title='bbox 443 1733 584 1798; x_wconf 88' lang='lat' dir='ltr'>sollicita</span> <span class='ocrx_word' id='word_1_119' title='bbox 605 1734 648 1796; x_wconf 93' lang='lat' dir='ltr'>sit</span> <span class='ocrx_word' id='word_1_120' title='bbox 669 1734 834 1816; x_wconf 89' lang='lat' dir='ltr'>cupiditas</span> <span class='ocrx_word' id='word_1_121' title='bbox 854 1733 1053 1810; x_wconf 87' lang='lat' dir='ltr'>consulatus,</span> <span class='ocrx_word' id='word_1_122' title='bbox 1069 1734 1189 1807; x_wconf 89' lang='lat' dir='ltr'>omnia,</span> <span class='ocrx_word' id='word_1_123' title='bbox 1207 1754 1273 1797; x_wconf 95' lang='lat' dir='ltr'>non</span> <span class='ocrx_word' id='word_1_124' title='bbox 1290 1734 1391 1798; x_wconf 92' lang='lat' dir='ltr'>modo</span> 
     </span>
     <span class='ocr_line' id='line_1_15' title="bbox 187 1825 1391 1921; baseline 0.001 -20"><span class='ocrx_word' id='word_1_125' title='bbox 187 1860 272 1921; x_wconf 90' lang='lat' dir='ltr'>quae</span> <span class='ocrx_word' id='word_1_126' title='bbox 287 1839 481 1921; x_wconf 87' lang='lat' dir='ltr'>reprehendi</span> <span class='ocrx_word' id='word_1_127' title='bbox 497 1838 617 1920; x_wconf 89' lang='lat' dir='ltr'>palam,</span> <span class='ocrx_word' id='word_1_128' title='bbox 633 1838 691 1901; x_wconf 93' lang='lat' dir='ltr'>sed</span> <span class='ocrx_word' id='word_1_129' title='bbox 708 1837 808 1902; x_wconf 87' lang='lat' dir='ltr'>etiam</span> <span class='ocrx_word' id='word_1_130' title='bbox 824 1858 909 1920; x_wconf 91' lang='lat' dir='ltr'>quae</span> <span class='ocrx_word' id='word_1_131' title='bbox 931 1838 1068 1900; x_wconf 92' lang='lat' dir='ltr'>obscure</span> <span class='ocrx_word' id='word_1_132' title='bbox 1084 1839 1222 1919; x_wconf 85' lang='lat' dir='ltr'>cogitari</span> <span class='ocrx_word' id='word_1_133' title='bbox 1241 1825 1391 1920; x_wconf 89' lang='lat' dir='ltr'>possunt,</span> 
     </span>
     <span class='ocr_line' id='line_1_16' title="bbox 187 1940 1434 2022; baseline -0.004 -14"><span class='ocrx_word' id='word_1_134' title='bbox 187 1945 352 2019; x_wconf 78' lang='lat' dir='ltr'>timemuS,</span> <span class='ocrx_word' id='word_1_135' title='bbox 375 1962 541 2005; x_wconf 91' lang='lat' dir='ltr'>rumorem</span> <span class='ocrx_word' id='word_1_136' title='bbox 565 1942 682 2021; x_wconf 90' lang='lat' dir='ltr'>levem,</span> <span class='ocrx_word' id='word_1_137' title='bbox 710 1941 822 2006; x_wconf 88' lang='lat' dir='ltr'>fictam</span> <span class='ocrx_word' id='word_1_138' title='bbox 849 1940 996 2004; x_wconf 90' lang='lat' dir='ltr'>fabulam</span> <span class='ocrx_word' id='word_1_139' title='bbox 1021 1941 1306 2022; x_wconf 88' lang='lat' dir='ltr'>perhorrescimus,</span> <span class='ocrx_word' id='word_1_140' title='bbox 1334 1964 1434 2019; x_wconf 84' lang='lat' dir='ltr'>ora15</span> 
     </span>
    </p>
   </div>
   <div class='ocr_carea' id='block_1_4' title="bbox 177 2068 1392 2659">
    <p class='ocr_par' dir='ltr' id='par_1_6' title="bbox 177 2068 1392 2659">
     <span class='ocr_line' id='line_1_17' title="bbox 221 2068 1392 2134; baseline 0.002 -16"><span class='ocrx_word' id='word_1_141' title='bbox 221 2085 243 2118; x_wconf 91' lang='lat'>1.</span> <span class='ocrx_word' id='word_1_142' title='bbox 261 2070 298 2119; x_wconf 93' lang='lat' dir='ltr'>M.</span> <span class='ocrx_word' id='word_1_143' title='bbox 311 2087 337 2119; x_wconf 88' lang='lat' dir='ltr'>s:</span> <span class='ocrx_word' id='word_1_144' title='bbox 356 2070 444 2118; x_wconf 80' lang='lat' dir='ltr'>Marci</span> <span class='ocrx_word' id='word_1_145' title='bbox 454 2070 497 2128; x_wconf 89' lang='lat' dir='ltr'>H;</span> <span class='ocrx_word' id='word_1_146' title='bbox 518 2086 565 2119; x_wconf 83' lang='lat' dir='ltr'>om.</span> <span class='ocrx_word' id='word_1_147' title='bbox 577 2070 667 2132; x_wconf 86' lang='grc' dir='ltr'>ΤΕσχ.</span> <span class='ocrx_word' id='word_1_148' title='bbox 736 2083 759 2132; x_wconf 82' lang='lat'>3.</span> <span class='ocrx_word' id='word_1_149' title='bbox 776 2070 906 2134; x_wconf 86' lang='lat' dir='ltr'>inrupisset</span> <span class='ocrx_word' id='word_1_150' title='bbox 918 2069 992 2130; x_wconf 74' lang='grc' dir='ltr'><strong>Ηςχε</strong></span> <span class='ocrx_word' id='word_1_151' title='bbox 1009 2068 1100 2118; x_wconf 79' lang='lat' dir='ltr'>ruisset</span> <span class='ocrx_word' id='word_1_152' title='bbox 1111 2070 1182 2119; x_wconf 85' lang='lat' dir='ltr'>TEa.</span> <span class='ocrx_word' id='word_1_153' title='bbox 1241 2086 1265 2132; x_wconf 88' lang='lat'>4.</span> <span class='ocrx_word' id='word_1_154' title='bbox 1283 2080 1392 2120; x_wconf 86' lang='lat' dir='ltr'>curasset</span> 
     </span>
     <span class='ocr_line' id='line_1_18' title="bbox 187 2134 1391 2200; baseline -0.001 -15"><span class='ocrx_word' id='word_1_155' title='bbox 187 2137 232 2185; x_wconf 91' lang='lat' dir='ltr'>H:</span> <span class='ocrx_word' id='word_1_156' title='bbox 250 2136 387 2184; x_wconf 73' lang='lat' dir='ltr'>curavisset</span> <span class='ocrx_word' id='word_1_157' title='bbox 404 2134 457 2184; x_wconf 87' lang='lat' dir='ltr'>rell.</span> <span class='ocrx_word' id='word_1_158' title='bbox 470 2135 541 2187; x_wconf 91' lang='lat' dir='ltr'>codd.</span> <span class='ocrx_word' id='word_1_159' title='bbox 692 2144 715 2198; x_wconf 83' lang='lat'>7.</span> <span class='ocrx_word' id='word_1_160' title='bbox 734 2135 859 2185; x_wconf 89' lang='lat' dir='ltr'>omnium:</span> <span class='ocrx_word' id='word_1_161' title='bbox 877 2134 966 2200; x_wconf 83' lang='lat' dir='ltr'>aliqua</span> <span class='ocrx_word' id='word_1_162' title='bbox 983 2135 1087 2197; x_wconf 85' lang='lat' dir='ltr'>Quintil.</span> <span class='ocrx_word' id='word_1_163' title='bbox 1102 2151 1126 2184; x_wconf 88' lang='lat' dir='ltr'>v.</span> <span class='ocrx_word' id='word_1_164' title='bbox 1142 2149 1180 2197; x_wconf 90' lang='lat'>14.</span> <span class='ocrx_word' id='word_1_165' title='bbox 1200 2149 1213 2196; x_wconf 85' lang='lat'>3</span> <span class='ocrx_word' id='word_1_166' title='bbox 1232 2136 1306 2185; x_wconf 90' lang='lat' dir='ltr'>codd.</span> <span class='ocrx_word' id='word_1_167' title='bbox 1318 2137 1343 2184; x_wconf 89' lang='lat' dir='ltr'>A</span> <span class='ocrx_word' id='word_1_168' title='bbox 1355 2137 1391 2195; x_wconf 87' lang='lat' dir='ltr'>B;</span> 
     </span>
     <span class='ocr_line' id='line_1_19' title="bbox 186 2200 1390 2264; baseline -0.001 -13"><span class='ocrx_word' id='word_1_169' title='bbox 186 2217 234 2251; x_wconf 75' lang='lat' dir='ltr'>ont.</span> <span class='ocrx_word' id='word_1_170' title='bbox 247 2201 365 2260; x_wconf 87' lang='lat' dir='ltr'>Isidorus,</span> <span class='ocrx_word' id='word_1_171' title='bbox 377 2217 402 2264; x_wconf 90' lang='lat' dir='ltr'>p.</span> <span class='ocrx_word' id='word_1_172' title='bbox 416 2214 470 2263; x_wconf 86' lang='lat'>512,</span> <span class='ocrx_word' id='word_1_173' title='bbox 482 2209 514 2249; x_wconf 71' lang='lat' dir='ltr'>&#39;et</span> <span class='ocrx_word' id='word_1_174' title='bbox 532 2200 704 2258; x_wconf 81' lang='lat' dir='ltr'>Cassiodorus,</span> <span class='ocrx_word' id='word_1_175' title='bbox 721 2216 746 2264; x_wconf 91' lang='lat' dir='ltr'>p.</span> <span class='ocrx_word' id='word_1_176' title='bbox 762 2215 820 2264; x_wconf 86' lang='lat'>499.</span> <span class='ocrx_word' id='word_1_177' title='bbox 971 2201 994 2248; x_wconf 91' lang='lat'>8.</span> <span class='ocrx_word' id='word_1_178' title='bbox 1012 2215 1084 2262; x_wconf 90' lang='lat' dir='ltr'>quem</span> <span class='ocrx_word' id='word_1_179' title='bbox 1103 2201 1211 2264; x_wconf 89' lang='lat' dir='ltr'>impune,</span> <span class='ocrx_word' id='word_1_180' title='bbox 1224 2217 1271 2250; x_wconf 84' lang='lat' dir='ltr'>am.</span> <span class='ocrx_word' id='word_1_181' title='bbox 1284 2201 1390 2264; x_wconf 90' lang='lat' dir='ltr'>Quintil.</span> 
     </span>
     <span class='ocr_line' id='line_1_20' title="bbox 185 2265 1390 2331; baseline 0 -15"><span class='ocrx_word' id='word_1_182' title='bbox 185 2266 248 2316; x_wconf 91' lang='lat' dir='ltr'>Isid.</span> <span class='ocrx_word' id='word_1_183' title='bbox 259 2266 373 2314; x_wconf 86' lang='lat' dir='ltr'>Cassiod.</span> <span class='ocrx_word' id='word_1_184' title='bbox 482 2281 520 2315; x_wconf 91' lang='lat'>10.</span> <span class='ocrx_word' id='word_1_185' title='bbox 537 2282 594 2315; x_wconf 83' lang='lat' dir='ltr'>cum</span> <span class='ocrx_word' id='word_1_186' title='bbox 601 2266 722 2331; x_wconf 77' lang='lat' dir='ltr'>pericula,</span> <span class='ocrx_word' id='word_1_187' title='bbox 736 2265 842 2328; x_wconf 91' lang='lat' dir='ltr'>Quintil.</span> <span class='ocrx_word' id='word_1_188' title='bbox 854 2265 915 2315; x_wconf 91' lang='lat' dir='ltr'>Isid.</span> <span class='ocrx_word' id='word_1_189' title='bbox 928 2265 1040 2314; x_wconf 88' lang='lat' dir='ltr'>Cassiod.</span> <span class='ocrx_word' id='word_1_190' title='bbox 1152 2279 1189 2329; x_wconf 82' lang='lat'>13.</span> <span class='ocrx_word' id='word_1_191' title='bbox 1208 2283 1283 2330; x_wconf 91' lang='lat' dir='ltr'>quam</span> <span class='ocrx_word' id='word_1_192' title='bbox 1294 2283 1340 2315; x_wconf 81' lang='lat' dir='ltr'>aar.</span> <span class='ocrx_word' id='word_1_193' title='bbox 1354 2268 1390 2316; x_wconf 87' lang='lat' dir='ltr'>H.</span> 
     </span>
     <span class='ocr_line' id='line_1_21' title="bbox 185 2331 1391 2395; baseline -0.001 -14"><span class='ocrx_word' id='word_1_194' title='bbox 185 2334 276 2381; x_wconf 84' lang='lat' dir='ltr'>sitam.</span> <span class='ocrx_word' id='word_1_195' title='bbox 289 2333 317 2380; x_wconf 72' lang='grc' dir='ltr'>ὃς</span> <span class='ocrx_word' id='word_1_196' title='bbox 336 2331 382 2380; x_wconf 80' lang='lat' dir='ltr'>del.</span> <span class='ocrx_word' id='word_1_197' title='bbox 395 2331 523 2381; x_wconf 87' lang='lat' dir='ltr'>Garatoni.</span> <span class='ocrx_word' id='word_1_198' title='bbox 576 2345 614 2394; x_wconf 82' lang='lat'>14·</span> <span class='ocrx_word' id='word_1_199' title='bbox 627 2347 690 2395; x_wconf 86' lang='lat' dir='ltr'>quae</span> <span class='ocrx_word' id='word_1_200' title='bbox 703 2333 805 2380; x_wconf 90' lang='lat' dir='ltr'>obscure</span> <span class='ocrx_word' id='word_1_201' title='bbox 818 2331 913 2391; x_wconf 74' lang='lat' dir='ltr'>HEsx:</span> <span class='ocrx_word' id='word_1_202' title='bbox 932 2331 1030 2379; x_wconf 78' lang='lat' dir='ltr'>obscura</span> <span class='ocrx_word' id='word_1_203' title='bbox 1040 2347 1104 2394; x_wconf 89' lang='lat' dir='ltr'>quae</span> <span class='ocrx_word' id='word_1_204' title='bbox 1115 2331 1162 2380; x_wconf 84' lang='lat' dir='ltr'>Ta.</span> <span class='ocrx_word' id='word_1_205' title='bbox 1216 2346 1254 2393; x_wconf 82' lang='lat'>15.</span> <span class='ocrx_word' id='word_1_206' title='bbox 1266 2348 1391 2381; x_wconf 88' lang='lat' dir='ltr'>rumorem</span> 
     </span>
     <span class='ocr_line' id='line_1_22' title="bbox 185 2396 1391 2461; baseline 0 -15"><span class='ocrx_word' id='word_1_207' title='bbox 185 2398 275 2456; x_wconf 89' lang='lat' dir='ltr'>levem,</span> <span class='ocrx_word' id='word_1_208' title='bbox 291 2396 374 2446; x_wconf 88' lang='lat' dir='ltr'>fictam</span> <span class='ocrx_word' id='word_1_209' title='bbox 390 2397 515 2445; x_wconf 85' lang='lat' dir='ltr'>fabulam:</span> <span class='ocrx_word' id='word_1_210' title='bbox 538 2397 623 2461; x_wconf 87' lang='lat' dir='ltr'>scripsi</span> <span class='ocrx_word' id='word_1_211' title='bbox 640 2414 654 2447; x_wconf 92' lang='lat' dir='ltr'>e</span> <span class='ocrx_word' id='word_1_212' title='bbox 670 2397 780 2460; x_wconf 86' lang='lat' dir='ltr'>vestigiis</span> <span class='ocrx_word' id='word_1_213' title='bbox 792 2397 847 2445; x_wconf 88' lang='lat' dir='ltr'>cod.</span> <span class='ocrx_word' id='word_1_214' title='bbox 861 2397 896 2444; x_wconf 89' lang='lat' dir='ltr'>H.</span> <span class='ocrx_word' id='word_1_215' title='bbox 909 2397 951 2444; x_wconf 93' lang='lat' dir='ltr'>ubi</span> <span class='ocrx_word' id='word_1_216' title='bbox 968 2405 1005 2445; x_wconf 89' lang='lat' dir='ltr'>est</span> <span class='ocrx_word' id='word_1_217' title='bbox 1022 2411 1148 2445; x_wconf 79' lang='lat' dir='ltr'>rutaarem</span> <span class='ocrx_word' id='word_1_218' title='bbox 1156 2396 1247 2461; x_wconf 82' lang='lat' dir='ltr'>fictam</span> <span class='ocrx_word' id='word_1_219' title='bbox 1263 2399 1348 2455; x_wconf 82' lang='lat' dir='ltr'>levem,</span> <span class='ocrx_word' id='word_1_220' title='bbox 1361 2415 1391 2448; x_wconf 83' lang='lat' dir='ltr'>ex</span> 
     </span>
     <span class='ocr_line' id='line_1_23' title="bbox 185 2460 1390 2576; baseline 0.001 -65"><span class='ocrx_word' id='word_1_221' title='bbox 185 2464 272 2512; x_wconf 90' lang='lat' dir='ltr'>iisdem</span> <span class='ocrx_word' id='word_1_222' title='bbox 284 2478 408 2512; x_wconf 83' lang='lat' dir='ltr'>rumorem</span> <span class='ocrx_word' id='word_1_223' title='bbox 420 2463 505 2522; x_wconf 80' lang='lat' dir='ltr'>levam,</span> <span class='ocrx_word' id='word_1_224' title='bbox 510 2462 629 2527; x_wconf 83' lang='lat' dir='ltr'>fabulam</span> <span class='ocrx_word' id='word_1_225' title='bbox 628 2463 724 2576; x_wconf 57' lang='lat' dir='ltr'>fetam</span> <span class='ocrx_word' id='word_1_226' title='bbox 736 2462 846 2520; x_wconf 89' lang='lat' dir='ltr'>Modius,</span> <span class='ocrx_word' id='word_1_227' title='bbox 858 2477 983 2510; x_wconf 77' lang='lat' dir='ltr'>maiorem</span> <span class='ocrx_word' id='word_1_228' title='bbox 988 2460 1089 2525; x_wconf 83' lang='lat' dir='ltr'>fictum,</span> <span class='ocrx_word' id='word_1_229' title='bbox 1101 2467 1194 2510; x_wconf 81' lang='lat' dir='ltr'>auram</span> <span class='ocrx_word' id='word_1_230' title='bbox 1206 2465 1281 2511; x_wconf 81' lang='lat' dir='ltr'>levem</span> <span class='ocrx_word' id='word_1_231' title='bbox 1293 2464 1316 2510; x_wconf 94' lang='lat' dir='ltr'>N</span> <span class='ocrx_word' id='word_1_232' title='bbox 1319 2464 1390 2512; x_wconf 89' lang='lat' dir='ltr'>ettle-</span> 
     </span>
     <span class='ocr_line' id='line_1_24' title="bbox 186 2525 1390 2656; baseline 0.002 -79"><span class='ocrx_word' id='word_1_233' title='bbox 186 2529 258 2592; x_wconf 84' lang='lat' dir='ltr'>ship;</span> <span class='ocrx_word' id='word_1_234' title='bbox 272 2544 341 2656; x_wconf 57' lang='lat' dir='ltr'>Jvm.</span> <span class='ocrx_word' id='word_1_235' title='bbox 351 2527 408 2590; x_wconf 85' lang='lat' dir='ltr'>sab.</span> <span class='ocrx_word' id='word_1_236' title='bbox 418 2526 508 2591; x_wconf 86' lang='lat' dir='ltr'>fictam</span> <span class='ocrx_word' id='word_1_237' title='bbox 518 2527 616 2592; x_wconf 88' lang='lat' dir='ltr'>falsam</span> <span class='ocrx_word' id='word_1_238' title='bbox 638 2543 705 2576; x_wconf 83' lang='lat' dir='ltr'>evam</span> <span class='ocrx_word' id='word_1_239' title='bbox 716 2528 746 2579; x_wconf 87' lang='lat' dir='ltr'>T,</span> <span class='ocrx_word' id='word_1_240' title='bbox 758 2543 826 2576; x_wconf 83' lang='lat' dir='ltr'>rum.</span> <span class='ocrx_word' id='word_1_241' title='bbox 835 2525 891 2588; x_wconf 82' lang='lat' dir='ltr'>fab.</span> <span class='ocrx_word' id='word_1_242' title='bbox 902 2527 1000 2590; x_wconf 85' lang='lat' dir='ltr'>salsam</span> <span class='ocrx_word' id='word_1_243' title='bbox 1008 2525 1100 2589; x_wconf 82' lang='lat' dir='ltr'>fictam</span> <span class='ocrx_word' id='word_1_244' title='bbox 1117 2526 1193 2576; x_wconf 82' lang='lat' dir='ltr'>levem</span> <span class='ocrx_word' id='word_1_245' title='bbox 1212 2529 1240 2588; x_wconf 88' lang='lat' dir='ltr'>E,</span> <span class='ocrx_word' id='word_1_246' title='bbox 1254 2544 1322 2577; x_wconf 84' lang='lat' dir='ltr'>rum.</span> <span class='ocrx_word' id='word_1_247' title='bbox 1332 2529 1390 2594; x_wconf 86' lang='lat' dir='ltr'>fab.</span> 
     </span>
     <span class='ocr_line' id='line_1_25' title="bbox 177 2594 404 2659; baseline 0 -17"><span class='ocrx_word' id='word_1_248' title='bbox 177 2594 268 2659; x_wconf 82' lang='lat' dir='ltr'>fictam</span> <span class='ocrx_word' id='word_1_249' title='bbox 292 2594 372 2642; x_wconf 85' lang='lat' dir='ltr'>alsam</span> <span class='ocrx_word' id='word_1_250' title='bbox 384 2595 404 2642; x_wconf 86' lang='grc' dir='ltr'>δ.</span> 
     </span>
    </p>
   </div>
   <div class='ocr_carea' id='block_1_5' title="bbox 184 2665 1395 4532">
    <p class='ocr_par' dir='ltr' id='par_1_7' title="bbox 184 2665 1395 3026">
     <span class='ocr_line' id='line_1_26' title="bbox 285 2665 293 2688; baseline 0 0"><span class='ocrx_word' id='word_1_251' title='bbox 285 2665 293 2688; x_wconf 61' lang='lat' dir='ltr'>h</span> 
     </span>
     <span class='ocr_line' id='line_1_27' title="bbox 185 2699 1395 2766; baseline 0.002 -17"><span class='ocrx_word' id='word_1_252' title='bbox 185 2701 245 2765; x_wconf 91' lang='lat' dir='ltr'>perf.</span> <span class='ocrx_word' id='word_1_253' title='bbox 258 2707 321 2763; x_wconf 82' lang='lat' dir='ltr'>part.</span> <span class='ocrx_word' id='word_1_254' title='bbox 334 2700 438 2763; x_wconf 86' lang='lat' dir='ltr'>passive,</span> <span class='ocrx_word' id='word_1_255' title='bbox 449 2699 520 2749; x_wconf 89' lang='lat' dir='ltr'>when</span> <span class='ocrx_word' id='word_1_256' title='bbox 539 2701 568 2748; x_wconf 82' lang='lat' dir='ltr'>in</span> <span class='ocrx_word' id='word_1_257' title='bbox 586 2700 634 2749; x_wconf 87' lang='lat' dir='ltr'>and</span> <span class='ocrx_word' id='word_1_258' title='bbox 652 2701 694 2749; x_wconf 90' lang='lat' dir='ltr'>the</span> <span class='ocrx_word' id='word_1_259' title='bbox 712 2700 759 2748; x_wconf 87' lang='lat' dir='ltr'>abl.</span> <span class='ocrx_word' id='word_1_260' title='bbox 817 2713 876 2762; x_wconf 67' lang='lat'>143</span> <span class='ocrx_word' id='word_1_261' title='bbox 889 2709 976 2764; x_wconf 90' lang='lat' dir='ltr'>quotes</span> <span class='ocrx_word' id='word_1_262' title='bbox 987 2701 1028 2748; x_wconf 91' lang='lat' dir='ltr'>the</span> <span class='ocrx_word' id='word_1_263' title='bbox 1040 2716 1145 2764; x_wconf 85' lang='lat' dir='ltr'>passage</span> <span class='ocrx_word' id='word_1_264' title='bbox 1157 2717 1184 2749; x_wconf 85' lang='lat' dir='ltr'>as</span> <span class='ocrx_word' id='word_1_265' title='bbox 1195 2717 1226 2749; x_wconf 88' lang='lat' dir='ltr'>an</span> <span class='ocrx_word' id='word_1_266' title='bbox 1239 2701 1353 2766; x_wconf 87' lang='lat' dir='ltr'>example</span> <span class='ocrx_word' id='word_1_267' title='bbox 1365 2703 1395 2751; x_wconf 91' lang='lat' dir='ltr'>of</span> 
     </span>
     <span class='ocr_line' id='line_1_28' title="bbox 186 2765 1391 2830; baseline 0 -15"><span class='ocrx_word' id='word_1_268' title='bbox 186 2783 226 2815; x_wconf 90' lang='lat' dir='ltr'>are</span> <span class='ocrx_word' id='word_1_269' title='bbox 245 2766 385 2829; x_wconf 89' lang='lat' dir='ltr'>employed.</span> <span class='ocrx_word' id='word_1_270' title='bbox 420 2766 556 2815; x_wconf 87' lang='lat' dir='ltr'>Otherwise</span> <span class='ocrx_word' id='word_1_271' title='bbox 575 2767 617 2816; x_wconf 90' lang='lat' dir='ltr'>the</span> <span class='ocrx_word' id='word_1_272' title='bbox 636 2766 686 2814; x_wconf 90' lang='lat' dir='ltr'>abl.</span> <span class='ocrx_word' id='word_1_273' title='bbox 699 2766 760 2814; x_wconf 89' lang='lat' dir='ltr'>with</span> <span class='ocrx_word' id='word_1_274' title='bbox 811 2765 994 2829; x_wconf 79' lang='lat' dir='ltr'>enthymemata</span> <span class='ocrx_word' id='word_1_275' title='bbox 1001 2766 1176 2830; x_wconf 81' lang='lat' dir='ltr'>multiplicata.</span> <span class='ocrx_word' id='word_1_276' title='bbox 1194 2767 1391 2830; x_wconf 84' lang='lat' dir='ltr'>&#39;sheparticular</span> 
     </span>
     <span class='ocr_line' id='line_1_29' title="bbox 186 2828 1390 2896; baseline 0 -16"><span class='ocrx_word' id='word_1_277' title='bbox 186 2849 214 2881; x_wconf 90' lang='lat' dir='ltr'>or</span> <span class='ocrx_word' id='word_1_278' title='bbox 226 2833 329 2880; x_wconf 86' lang='lat' dir='ltr'>without</span> <span class='ocrx_word' id='word_1_279' title='bbox 341 2833 369 2879; x_wconf 84' lang='lat' dir='ltr'>in</span> <span class='ocrx_word' id='word_1_280' title='bbox 386 2832 407 2880; x_wconf 92' lang='lat' dir='ltr'>is</span> <span class='ocrx_word' id='word_1_281' title='bbox 422 2832 481 2895; x_wconf 88' lang='lat' dir='ltr'>only</span> <span class='ocrx_word' id='word_1_282' title='bbox 497 2831 575 2880; x_wconf 82' lang='lat' dir='ltr'>found</span> <span class='ocrx_word' id='word_1_283' title='bbox 586 2833 617 2880; x_wconf 84' lang='lat' dir='ltr'>in</span> <span class='ocrx_word' id='word_1_284' title='bbox 631 2832 761 2894; x_wconf 78' lang='lat' dir='ltr'>silves-age</span> <span class='ocrx_word' id='word_1_285' title='bbox 813 2832 876 2880; x_wconf 90' lang='lat' dir='ltr'>form</span> <span class='ocrx_word' id='word_1_286' title='bbox 893 2832 922 2879; x_wconf 95' lang='lat' dir='ltr'>of</span> <span class='ocrx_word' id='word_1_287' title='bbox 933 2831 976 2880; x_wconf 89' lang='lat' dir='ltr'>the</span> <span class='ocrx_word' id='word_1_288' title='bbox 988 2828 1118 2893; x_wconf 72' lang='grc' dir='ltr'><strong><em>ἐνθύμημα,</em></strong></span> <span class='ocrx_word' id='word_1_289' title='bbox 1131 2848 1160 2879; x_wconf 95' lang='lat' dir='ltr'>or</span> <span class='ocrx_word' id='word_1_290' title='bbox 1171 2831 1303 2881; x_wconf 83' lang='lat' dir='ltr'>rhetorical</span> <span class='ocrx_word' id='word_1_291' title='bbox 1315 2832 1390 2896; x_wconf 92' lang='lat' dir='ltr'>syllo-</span> 
     </span>
     <span class='ocr_line' id='line_1_30' title="bbox 184 2896 1388 2962; baseline 0 -16"><span class='ocrx_word' id='word_1_292' title='bbox 184 2898 285 2954; x_wconf 88' lang='lat' dir='ltr'>writers,</span> <span class='ocrx_word' id='word_1_293' title='bbox 297 2897 345 2945; x_wconf 88' lang='lat' dir='ltr'>and</span> <span class='ocrx_word' id='word_1_294' title='bbox 363 2897 528 2961; x_wconf 81' lang='lat' dir='ltr'>occasionally</span> <span class='ocrx_word' id='word_1_295' title='bbox 545 2898 570 2944; x_wconf 91' lang='lat' dir='ltr'>in</span> <span class='ocrx_word' id='word_1_296' title='bbox 583 2897 644 2960; x_wconf 85' lang='lat' dir='ltr'>Livy</span> <span class='ocrx_word' id='word_1_297' title='bbox 657 2897 761 2962; x_wconf 87' lang='lat' dir='ltr'>[Krebs-</span> <span class='ocrx_word' id='word_1_298' title='bbox 811 2898 884 2961; x_wconf 83' lang='lat' dir='ltr'>gism,</span> <span class='ocrx_word' id='word_1_299' title='bbox 896 2896 954 2946; x_wconf 88' lang='lat' dir='ltr'>here</span> <span class='ocrx_word' id='word_1_300' title='bbox 970 2897 1078 2960; x_wconf 86' lang='lat' dir='ltr'>adopted</span> <span class='ocrx_word' id='word_1_301' title='bbox 1093 2898 1114 2945; x_wconf 90' lang='lat' dir='ltr'>is</span> <span class='ocrx_word' id='word_1_302' title='bbox 1128 2896 1182 2946; x_wconf 91' lang='lat' dir='ltr'>that</span> <span class='ocrx_word' id='word_1_303' title='bbox 1199 2912 1230 2946; x_wconf 80' lang='lat' dir='ltr'>ax</span> <span class='ocrx_word' id='word_1_304' title='bbox 1246 2899 1388 2956; x_wconf 81' lang='lat' dir='ltr'>contrariis,</span> 
     </span>
     <span class='ocr_line' id='line_1_31' title="bbox 185 2961 1390 3026; baseline 0.002 -16"><span class='ocrx_word' id='word_1_305' title='bbox 185 2962 269 3026; x_wconf 86' lang='lat' dir='ltr'>Allg.]</span> <span class='ocrx_word' id='word_1_306' title='bbox 813 2961 894 3011; x_wconf 89' lang='lat' dir='ltr'>which</span> <span class='ocrx_word' id='word_1_307' title='bbox 916 2978 967 3010; x_wconf 85' lang='lat' dir='ltr'>was</span> <span class='ocrx_word' id='word_1_308' title='bbox 992 2962 1135 3012; x_wconf 87' lang='lat' dir='ltr'>considered</span> <span class='ocrx_word' id='word_1_309' title='bbox 1151 2963 1205 3025; x_wconf 79' lang='lat' dir='ltr'>¹the</span> <span class='ocrx_word' id='word_1_310' title='bbox 1232 2963 1390 3026; x_wconf 88' lang='lat' dir='ltr'>enthymema</span> 
     </span>
    </p>

    <p class='ocr_par' dir='ltr' id='par_1_8' title="bbox 185 3026 1390 3225">
     <span class='ocr_line' id='line_1_32' title="bbox 220 3026 1390 3092; baseline 0 -16"><span class='ocrx_word' id='word_1_311' title='bbox 220 3042 256 3077; x_wconf 93' lang='lat'>11.</span> <span class='ocrx_word' id='word_1_312' title='bbox 271 3044 297 3092; x_wconf 90' lang='lat' dir='ltr'>p.</span> <span class='ocrx_word' id='word_1_313' title='bbox 308 3041 346 3090; x_wconf 85' lang='lat'>37.</span> <span class='ocrx_word' id='word_1_314' title='bbox 355 3042 505 3085; x_wconf 66' lang='lat' dir='ltr'>maguum</span> <span class='ocrx_word' id='word_1_315' title='bbox 518 3028 549 3077; x_wconf 90' lang='lat' dir='ltr'>cf.</span> <span class='ocrx_word' id='word_1_316' title='bbox 558 3028 673 3077; x_wconf 87' lang='lat' dir='ltr'>Tusc.D.</span> <span class='ocrx_word' id='word_1_317' title='bbox 684 3029 719 3076; x_wconf 87' lang='lat' dir='ltr'>iii.</span> <span class='ocrx_word' id='word_1_318' title='bbox 730 3028 762 3090; x_wconf 90' lang='lat'>84</span> <span class='ocrx_word' id='word_1_319' title='bbox 812 3043 903 3092; x_wconf 90' lang='lat' dir='ltr'>proper</span> <span class='ocrx_word' id='word_1_320' title='bbox 912 3026 937 3075; x_wconf 91' lang='lat' dir='ltr'>in</span> <span class='ocrx_word' id='word_1_321' title='bbox 946 3028 990 3076; x_wconf 79' lang='lat' dir='ltr'>the</span> <span class='ocrx_word' id='word_1_322' title='bbox 1001 3027 1133 3077; x_wconf 84' lang='lat' dir='ltr'>rhetorical</span> <span class='ocrx_word' id='word_1_323' title='bbox 1144 3029 1250 3078; x_wconf 84' lang='lat' dir='ltr'>schools.</span> <span class='ocrx_word' id='word_1_324' title='bbox 1284 3029 1324 3077; x_wconf 87' lang='lat' dir='ltr'>Cf.</span> <span class='ocrx_word' id='word_1_325' title='bbox 1335 3028 1390 3079; x_wconf 91' lang='lat' dir='ltr'>Cic.</span> 
     </span>
     <span class='ocr_line' id='line_1_33' title="bbox 185 3092 1390 3159; baseline 0.002 -18"><span class='ocrx_word' id='word_1_326' title='bbox 185 3109 305 3156; x_wconf 79' lang='lat' dir='ltr'>maguum</span> <span class='ocrx_word' id='word_1_327' title='bbox 314 3108 375 3157; x_wconf 88' lang='lat' dir='ltr'>opus</span> <span class='ocrx_word' id='word_1_328' title='bbox 386 3101 410 3142; x_wconf 90' lang='lat' dir='ltr'>et</span> <span class='ocrx_word' id='word_1_329' title='bbox 418 3093 524 3159; x_wconf 79' lang='lat' dir='ltr'>difficile,</span> <span class='ocrx_word' id='word_1_330' title='bbox 534 3093 588 3157; x_wconf 88' lang='lat' dir='ltr'>quis</span> <span class='ocrx_word' id='word_1_331' title='bbox 600 3097 689 3157; x_wconf 74' lang='lat' dir='ltr'>negati</span> <span class='ocrx_word' id='word_1_332' title='bbox 701 3094 761 3157; x_wconf 91' lang='lat' dir='ltr'>quid</span> <span class='ocrx_word' id='word_1_333' title='bbox 811 3094 876 3157; x_wconf 90' lang='lat' dir='ltr'>Top.</span> <span class='ocrx_word' id='word_1_334' title='bbox 887 3105 927 3154; x_wconf 83' lang='lat'>55,</span> <span class='ocrx_word' id='word_1_335' title='bbox 936 3092 1038 3155; x_wconf 89' lang='lat' dir='ltr'>Quintil.</span> <span class='ocrx_word' id='word_1_336' title='bbox 1048 3093 1099 3143; x_wconf 85' lang='lat' dir='ltr'>viii.</span> <span class='ocrx_word' id='word_1_337' title='bbox 1107 3107 1130 3155; x_wconf 85' lang='lat'>5.</span> <span class='ocrx_word' id='word_1_338' title='bbox 1138 3109 1160 3158; x_wconf 88' lang='lat'>9.</span> <span class='ocrx_word' id='word_1_339' title='bbox 1196 3094 1246 3142; x_wconf 79' lang='lat' dir='ltr'>For</span> <span class='ocrx_word' id='word_1_340' title='bbox 1257 3094 1299 3143; x_wconf 89' lang='lat' dir='ltr'>the</span> <span class='ocrx_word' id='word_1_341' title='bbox 1311 3094 1390 3157; x_wconf 81' lang='lat' dir='ltr'>faulty</span> 
     </span>
     <span class='ocr_line' id='line_1_34' title="bbox 185 3157 1389 3225; baseline 0.002 -18"><span class='ocrx_word' id='word_1_342' title='bbox 185 3167 268 3208; x_wconf 87' lang='lat' dir='ltr'>autem</span> <span class='ocrx_word' id='word_1_343' title='bbox 279 3159 432 3222; x_wconf 87' lang='lat' dir='ltr'>praeclarum</span> <span class='ocrx_word' id='word_1_344' title='bbox 443 3175 492 3208; x_wconf 91' lang='lat' dir='ltr'>non</span> <span class='ocrx_word' id='word_1_345' title='bbox 504 3159 569 3208; x_wconf 88' lang='lat' dir='ltr'>idern</span> <span class='ocrx_word' id='word_1_346' title='bbox 580 3160 710 3208; x_wconf 65' lang='lat' dir='ltr'>arduum?</span> <span class='ocrx_word' id='word_1_347' title='bbox 812 3160 941 3223; x_wconf 84' lang='lat' dir='ltr'>quotation</span> <span class='ocrx_word' id='word_1_348' title='bbox 959 3158 987 3207; x_wconf 93' lang='lat' dir='ltr'>of</span> <span class='ocrx_word' id='word_1_349' title='bbox 1002 3157 1149 3220; x_wconf 88' lang='lat' dir='ltr'>Quintilian,</span> <span class='ocrx_word' id='word_1_350' title='bbox 1161 3159 1219 3208; x_wconf 92' lang='lat' dir='ltr'>who</span> <span class='ocrx_word' id='word_1_351' title='bbox 1234 3159 1256 3209; x_wconf 89' lang='lat' dir='ltr'>is</span> <span class='ocrx_word' id='word_1_352' title='bbox 1272 3159 1389 3225; x_wconf 75' lang='lat' dir='ltr'>followed</span> 
     </span>
    </p>

    <p class='ocr_par' dir='ltr' id='par_1_9' title="bbox 219 3223 1166 3288">
     <span class='ocr_line' id='line_1_35' title="bbox 219 3223 1166 3288; baseline 0.002 -16"><span class='ocrx_word' id='word_1_353' title='bbox 219 3239 241 3272; x_wconf 82' lang='lat' dir='ltr'>a.</span> <span class='ocrx_word' id='word_1_354' title='bbox 257 3228 397 3273; x_wconf 75' lang='lat' dir='ltr'>comitiis:</span> <span class='ocrx_word' id='word_1_355' title='bbox 414 3227 453 3274; x_wconf 87' lang='lat' dir='ltr'>‘at</span> <span class='ocrx_word' id='word_1_356' title='bbox 464 3225 505 3274; x_wconf 91' lang='lat' dir='ltr'>the</span> <span class='ocrx_word' id='word_1_357' title='bbox 517 3223 652 3283; x_wconf 66' lang='lat' dir='ltr'>electioris:</span> <span class='ocrx_word' id='word_1_358' title='bbox 666 3240 694 3273; x_wconf 91' lang='lat' dir='ltr'>so</span> <span class='ocrx_word' id='word_1_359' title='bbox 706 3227 759 3274; x_wconf 91' lang='lat' dir='ltr'>Att.</span> <span class='ocrx_word' id='word_1_360' title='bbox 812 3225 846 3288; x_wconf 90' lang='lat' dir='ltr'>by</span> <span class='ocrx_word' id='word_1_361' title='bbox 857 3223 919 3273; x_wconf 86' lang='lat' dir='ltr'>later</span> <span class='ocrx_word' id='word_1_362' title='bbox 929 3225 1030 3283; x_wconf 85' lang='lat' dir='ltr'>writers,</span> <span class='ocrx_word' id='word_1_363' title='bbox 1043 3225 1075 3273; x_wconf 92' lang='lat' dir='ltr'>cf.</span> <span class='ocrx_word' id='word_1_364' title='bbox 1088 3227 1101 3282; x_wconf 69' lang='grc' dir='ltr'><strong>ξ</strong></span> <span class='ocrx_word' id='word_1_365' title='bbox 1114 3239 1166 3288; x_wconf 87' lang='lat' dir='ltr'>9n.</span> 
     </span>
    </p>

    <p class='ocr_par' dir='ltr' id='par_1_10' title="bbox 184 3288 1390 3486">
     <span class='ocr_line' id='line_1_36' title="bbox 184 3288 1389 3354; baseline 0.001 -17"><span class='ocrx_word' id='word_1_366' title='bbox 184 3288 274 3338; x_wconf 90' lang='lat' dir='ltr'>i.1.1.</span> <span class='ocrx_word' id='word_1_367' title='bbox 309 3289 348 3338; x_wconf 88' lang='lat' dir='ltr'>Cf.</span> <span class='ocrx_word' id='word_1_368' title='bbox 361 3289 544 3351; x_wconf 68' lang='lat' dir='ltr'>gladiatoribus</span> <span class='ocrx_word' id='word_1_369' title='bbox 564 3291 615 3338; x_wconf 43' lang='lat' dir='ltr'>Art.</span> <span class='ocrx_word' id='word_1_370' title='bbox 634 3291 660 3339; x_wconf 91' lang='lat' dir='ltr'>ii.</span> <span class='ocrx_word' id='word_1_371' title='bbox 680 3303 717 3352; x_wconf 91' lang='lat'>19.</span> <span class='ocrx_word' id='word_1_372' title='bbox 736 3303 759 3350; x_wconf 80' lang='lat'>3,</span> <span class='ocrx_word' id='word_1_373' title='bbox 847 3302 884 3338; x_wconf 90' lang='lat'>11.</span> <span class='ocrx_word' id='word_1_374' title='bbox 901 3295 1019 3339; x_wconf 79' lang='lat' dir='ltr'>honoria</span> <span class='ocrx_word' id='word_1_375' title='bbox 1029 3294 1221 3347; x_wconf 76' lang='lat' dir='ltr'>amplissimi:</span> <span class='ocrx_word' id='word_1_376' title='bbox 1238 3290 1267 3340; x_wconf 90' lang='lat' dir='ltr'>cf.</span> <span class='ocrx_word' id='word_1_377' title='bbox 1281 3289 1389 3354; x_wconf 82' lang='lat' dir='ltr'>Sull.49</span> 
     </span>
     <span class='ocr_line' id='line_1_37' title="bbox 185 3354 1390 3418; baseline 0.002 -16"><span class='ocrx_word' id='word_1_378' title='bbox 185 3354 252 3403; x_wconf 87' lang='lat' dir='ltr'>ludis</span> <span class='ocrx_word' id='word_1_379' title='bbox 269 3354 332 3404; x_wconf 90' lang='lat' dir='ltr'>Phil.</span> <span class='ocrx_word' id='word_1_380' title='bbox 346 3355 378 3404; x_wconf 90' lang='lat' dir='ltr'>vi.</span> <span class='ocrx_word' id='word_1_381' title='bbox 394 3369 432 3414; x_wconf 92' lang='lat'>11,</span> <span class='ocrx_word' id='word_1_382' title='bbox 448 3355 605 3404; x_wconf 79' lang='lat' dir='ltr'>sollemnibus</span> <span class='ocrx_word' id='word_1_383' title='bbox 622 3354 676 3405; x_wconf 90' lang='lat' dir='ltr'>Liv.</span> <span class='ocrx_word' id='word_1_384' title='bbox 690 3355 758 3404; x_wconf 84' lang='lat' dir='ltr'>xxiii.</span> <span class='ocrx_word' id='word_1_385' title='bbox 811 3370 868 3404; x_wconf 92' lang='lat' dir='ltr'>cum</span> <span class='ocrx_word' id='word_1_386' title='bbox 885 3355 1096 3418; x_wconf 78' lang='lat' dir='ltr'>honos&#39;agebatur</span> <span class='ocrx_word' id='word_1_387' title='bbox 1106 3355 1217 3405; x_wconf 87' lang='lat' dir='ltr'>familiae</span> <span class='ocrx_word' id='word_1_388' title='bbox 1231 3365 1326 3405; x_wconf 86' lang='lat' dir='ltr'>vestrae</span> <span class='ocrx_word' id='word_1_389' title='bbox 1336 3372 1390 3405; x_wconf 88' lang='lat' dir='ltr'>am·</span> 
     </span>
     <span class='ocr_line' id='line_1_38' title="bbox 185 3421 1335 3486; baseline 0.004 -19"><span class='ocrx_word' id='word_1_390' title='bbox 185 3434 223 3483; x_wconf 85' lang='lat'>24.</span> <span class='ocrx_word' id='word_1_391' title='bbox 238 3434 276 3469; x_wconf 86' lang='lat'>12.</span> <span class='ocrx_word' id='word_1_392' title='bbox 806 3421 947 3484; x_wconf 75' lang='lat' dir='ltr'>piissimus,</span> <span class='ocrx_word' id='word_1_393' title='bbox 959 3421 1008 3470; x_wconf 88' lang='lat' dir='ltr'>hoc</span> <span class='ocrx_word' id='word_1_394' title='bbox 1018 3428 1054 3468; x_wconf 91' lang='lat' dir='ltr'>est</span> <span class='ocrx_word' id='word_1_395' title='bbox 1065 3422 1208 3470; x_wconf 83' lang='lat' dir='ltr'>consulatus</span> <span class='ocrx_word' id='word_1_396' title='bbox 1218 3423 1335 3486; x_wconf 90' lang='lat' dir='ltr'>parentis.</span> 
     </span>
    </p>

    <p class='ocr_par' dir='ltr' id='par_1_11' title="bbox 184 3484 1389 3878">
     <span class='ocr_line' id='line_1_39' title="bbox 219 3484 1389 3550; baseline 0.002 -17"><span class='ocrx_word' id='word_1_397' title='bbox 219 3499 240 3547; x_wconf 87' lang='lat'>3.</span> <span class='ocrx_word' id='word_1_398' title='bbox 257 3490 427 3542; x_wconf 75' lang='lat' dir='ltr'>irrupisset:</span> <span class='ocrx_word' id='word_1_399' title='bbox 446 3486 547 3536; x_wconf 88' lang='lat' dir='ltr'>‘Cicero</span> <span class='ocrx_word' id='word_1_400' title='bbox 559 3484 634 3535; x_wconf 90' lang='lat' dir='ltr'>inthe</span> <span class='ocrx_word' id='word_1_401' title='bbox 646 3487 760 3550; x_wconf 86' lang='lat' dir='ltr'>speeches</span> <span class='ocrx_word' id='word_1_402' title='bbox 844 3492 990 3536; x_wconf 71' lang='lat' dir='ltr'>summ:</span> <span class='ocrx_word' id='word_1_403' title='bbox 1015 3485 1057 3535; x_wconf 88' lang='lat' dir='ltr'>the</span> <span class='ocrx_word' id='word_1_404' title='bbox 1077 3501 1120 3534; x_wconf 91' lang='lat' dir='ltr'>use</span> <span class='ocrx_word' id='word_1_405' title='bbox 1143 3487 1172 3535; x_wconf 88' lang='lat' dir='ltr'>of</span> <span class='ocrx_word' id='word_1_406' title='bbox 1190 3489 1233 3535; x_wconf 88' lang='lat' dir='ltr'>the</span> <span class='ocrx_word' id='word_1_407' title='bbox 1251 3488 1311 3535; x_wconf 89' lang='lat' dir='ltr'>verb</span> <span class='ocrx_word' id='word_1_408' title='bbox 1330 3487 1355 3535; x_wconf 90' lang='lat' dir='ltr'>in</span> <span class='ocrx_word' id='word_1_409' title='bbox 1374 3502 1389 3535; x_wconf 85' lang='lat' dir='ltr'>a</span> 
     </span>
     <span class='ocr_line' id='line_1_40' title="bbox 184 3551 1388 3616; baseline 0.003 -19"><span class='ocrx_word' id='word_1_410' title='bbox 184 3551 322 3614; x_wconf 89' lang='lat' dir='ltr'>frequently</span> <span class='ocrx_word' id='word_1_411' title='bbox 333 3566 388 3599; x_wconf 90' lang='lat' dir='ltr'>uses</span> <span class='ocrx_word' id='word_1_412' title='bbox 396 3551 537 3616; x_wconf 79' lang='lat' dir='ltr'>irrumpere</span> <span class='ocrx_word' id='word_1_413' title='bbox 547 3551 607 3601; x_wconf 90' lang='lat' dir='ltr'>with</span> <span class='ocrx_word' id='word_1_414' title='bbox 617 3553 646 3600; x_wconf 83' lang='lat' dir='ltr'>in</span> <span class='ocrx_word' id='word_1_415' title='bbox 657 3553 706 3600; x_wconf 91' lang='lat' dir='ltr'>and</span> <span class='ocrx_word' id='word_1_416' title='bbox 719 3551 760 3600; x_wconf 88' lang='lat' dir='ltr'>the</span> <span class='ocrx_word' id='word_1_417' title='bbox 811 3552 935 3615; x_wconf 87' lang='lat' dir='ltr'>temporal</span> <span class='ocrx_word' id='word_1_418' title='bbox 955 3567 1024 3600; x_wconf 89' lang='lat' dir='ltr'>sense</span> <span class='ocrx_word' id='word_1_419' title='bbox 1043 3553 1064 3600; x_wconf 87' lang='lat' dir='ltr'>is</span> <span class='ocrx_word' id='word_1_420' title='bbox 1084 3567 1144 3612; x_wconf 89' lang='lat' dir='ltr'>rare,</span> <span class='ocrx_word' id='word_1_421' title='bbox 1163 3552 1194 3603; x_wconf 88' lang='lat' dir='ltr'>cf.</span> <span class='ocrx_word' id='word_1_422' title='bbox 1214 3552 1288 3602; x_wconf 89' lang='lat' dir='ltr'>Caes.</span> <span class='ocrx_word' id='word_1_423' title='bbox 1308 3553 1336 3603; x_wconf 91' lang='lat' dir='ltr'>B.</span> <span class='ocrx_word' id='word_1_424' title='bbox 1356 3553 1388 3602; x_wconf 90' lang='lat' dir='ltr'>G.</span> 
     </span>
     <span class='ocr_line' id='line_1_41' title="bbox 184 3615 900 3682; baseline 0.001 -18"><span class='ocrx_word' id='word_1_425' title='bbox 184 3616 329 3675; x_wconf 85' lang='lat' dir='ltr'>accusative,</span> <span class='ocrx_word' id='word_1_426' title='bbox 341 3632 415 3665; x_wconf 85' lang='lat' dir='ltr'>never</span> <span class='ocrx_word' id='word_1_427' title='bbox 425 3615 510 3665; x_wconf 80' lang='lat' dir='ltr'>rucre‘</span> <span class='ocrx_word' id='word_1_428' title='bbox 521 3617 625 3682; x_wconf 82' lang='lat' dir='ltr'>[Nohl].</span> <span class='ocrx_word' id='word_1_429' title='bbox 650 3617 679 3665; x_wconf 94' lang='lat' dir='ltr'>In</span> <span class='ocrx_word' id='word_1_430' title='bbox 689 3619 760 3682; x_wconf 90' lang='lat' dir='ltr'>spite,</span> <span class='ocrx_word' id='word_1_431' title='bbox 811 3617 846 3668; x_wconf 92' lang='lat' dir='ltr'>iii.</span> <span class='ocrx_word' id='word_1_432' title='bbox 861 3627 900 3680; x_wconf 82' lang='lat'>27.</span> 
     </span>
     <span class='ocr_line' id='line_1_42' title="bbox 184 3680 1386 3747; baseline 0.003 -18"><span class='ocrx_word' id='word_1_433' title='bbox 184 3681 305 3740; x_wconf 88' lang='lat' dir='ltr'>however,</span> <span class='ocrx_word' id='word_1_434' title='bbox 325 3680 353 3729; x_wconf 88' lang='lat' dir='ltr'>of</span> <span class='ocrx_word' id='word_1_435' title='bbox 370 3681 419 3730; x_wconf 88' lang='lat' dir='ltr'>this</span> <span class='ocrx_word' id='word_1_436' title='bbox 437 3684 541 3742; x_wconf 84' lang='lat' dir='ltr'>remark,</span> <span class='ocrx_word' id='word_1_437' title='bbox 562 3683 632 3732; x_wconf 90' lang='lat' dir='ltr'>Nohl</span> <span class='ocrx_word' id='word_1_438' title='bbox 653 3684 677 3730; x_wconf 92' lang='lat' dir='ltr'>in</span> <span class='ocrx_word' id='word_1_439' title='bbox 698 3683 760 3732; x_wconf 94' lang='lat' dir='ltr'>both</span> <span class='ocrx_word' id='word_1_440' title='bbox 847 3696 883 3733; x_wconf 86' lang='lat'>12.</span> <span class='ocrx_word' id='word_1_441' title='bbox 907 3687 966 3732; x_wconf 74' lang='lat' dir='ltr'>seio</span> <span class='ocrx_word' id='word_1_442' title='bbox 987 3687 1082 3732; x_wconf 79' lang='lat' dir='ltr'>enim:</span> <span class='ocrx_word' id='word_1_443' title='bbox 1109 3682 1148 3731; x_wconf 92' lang='lat' dir='ltr'>for</span> <span class='ocrx_word' id='word_1_444' title='bbox 1166 3682 1207 3732; x_wconf 93' lang='lat' dir='ltr'>the</span> <span class='ocrx_word' id='word_1_445' title='bbox 1228 3683 1341 3747; x_wconf 83' lang='lat' dir='ltr'>thought</span> <span class='ocrx_word' id='word_1_446' title='bbox 1355 3683 1386 3733; x_wconf 88' lang='lat' dir='ltr'>ef.</span> 
     </span>
     <span class='ocr_line' id='line_1_43' title="bbox 184 3746 1389 3813; baseline 0.002 -17"><span class='ocrx_word' id='word_1_447' title='bbox 184 3747 290 3796; x_wconf 89' lang='lat' dir='ltr'>editions</span> <span class='ocrx_word' id='word_1_448' title='bbox 303 3747 392 3795; x_wconf 90' lang='lat' dir='ltr'>retains</span> <span class='ocrx_word' id='word_1_449' title='bbox 404 3746 446 3796; x_wconf 90' lang='lat' dir='ltr'>the</span> <span class='ocrx_word' id='word_1_450' title='bbox 457 3748 552 3796; x_wconf 87' lang='lat' dir='ltr'>variant</span> <span class='ocrx_word' id='word_1_451' title='bbox 563 3749 655 3797; x_wconf 81' lang='lat' dir='ltr'>ruisset</span> <span class='ocrx_word' id='word_1_452' title='bbox 670 3764 702 3797; x_wconf 89' lang='lat' dir='ltr'>on</span> <span class='ocrx_word' id='word_1_453' title='bbox 718 3748 760 3798; x_wconf 91' lang='lat' dir='ltr'>the</span> <span class='ocrx_word' id='word_1_454' title='bbox 813 3749 866 3798; x_wconf 84' lang='lat' dir='ltr'>Att.</span> <span class='ocrx_word' id='word_1_455' title='bbox 884 3747 909 3796; x_wconf 91' lang='lat' dir='ltr'>ii.</span> <span class='ocrx_word' id='word_1_456' title='bbox 924 3762 961 3808; x_wconf 79' lang='lat'>24·</span> <span class='ocrx_word' id='word_1_457' title='bbox 978 3761 988 3796; x_wconf 91' lang='lat'>1</span> <span class='ocrx_word' id='word_1_458' title='bbox 1002 3763 1052 3796; x_wconf 92' lang='lat' dir='ltr'>non</span> <span class='ocrx_word' id='word_1_459' title='bbox 1069 3749 1165 3812; x_wconf 84' lang='lat' dir='ltr'>ignoro,</span> <span class='ocrx_word' id='word_1_460' title='bbox 1177 3764 1252 3813; x_wconf 87' lang='lat' dir='ltr'>quam</span> <span class='ocrx_word' id='word_1_461' title='bbox 1269 3751 1301 3798; x_wconf 89' lang='lat' dir='ltr'>sit</span> <span class='ocrx_word' id='word_1_462' title='bbox 1318 3764 1389 3798; x_wconf 88' lang='lat' dir='ltr'>amor</span> 
     </span>
     <span class='ocr_line' id='line_1_44' title="bbox 185 3812 1389 3878; baseline 0.001 -17"><span class='ocrx_word' id='word_1_463' title='bbox 185 3812 308 3874; x_wconf 88' lang='lat' dir='ltr'>authority</span> <span class='ocrx_word' id='word_1_464' title='bbox 321 3814 348 3860; x_wconf 93' lang='lat' dir='ltr'>of</span> <span class='ocrx_word' id='word_1_465' title='bbox 357 3812 416 3860; x_wconf 86' lang='lat' dir='ltr'>TE!</span> <span class='ocrx_word' id='word_1_466' title='bbox 813 3814 894 3862; x_wconf 88' lang='lat' dir='ltr'>omnis</span> <span class='ocrx_word' id='word_1_467' title='bbox 910 3813 1032 3862; x_wconf 88' lang='lat' dir='ltr'>sollicitus</span> <span class='ocrx_word' id='word_1_468' title='bbox 1052 3823 1126 3878; x_wconf 86' lang='lat' dir='ltr'>atque</span> <span class='ocrx_word' id='word_1_469' title='bbox 1145 3815 1239 3863; x_wconf 83' lang='lat' dir='ltr'>auxius.</span> <span class='ocrx_word' id='word_1_470' title='bbox 1273 3814 1389 3878; x_wconf 90' lang='lat' dir='ltr'>Possibly</span> 
     </span>
    </p>

    <p class='ocr_par' dir='ltr' id='par_1_12' title="bbox 184 3877 1389 4466">
     <span class='ocr_line' id='line_1_45' title="bbox 217 3877 1388 3942; baseline 0.003 -16"><span class='ocrx_word' id='word_1_471' title='bbox 217 3893 240 3938; x_wconf 83' lang='lat'>4.</span> <span class='ocrx_word' id='word_1_472' title='bbox 252 3883 394 3926; x_wconf 68' lang='lat' dir='ltr'>enasset:</span> <span class='ocrx_word' id='word_1_473' title='bbox 405 3877 482 3926; x_wconf 87' lang='lat' dir='ltr'>Iread</span> <span class='ocrx_word' id='word_1_474' title='bbox 489 3878 531 3927; x_wconf 92' lang='lat' dir='ltr'>the</span> <span class='ocrx_word' id='word_1_475' title='bbox 540 3880 689 3942; x_wconf 88' lang='lat' dir='ltr'>syncopated</span> <span class='ocrx_word' id='word_1_476' title='bbox 697 3879 760 3929; x_wconf 89' lang='lat' dir='ltr'>form</span> <span class='ocrx_word' id='word_1_477' title='bbox 811 3880 953 3927; x_wconf 85' lang='lat' dir='ltr'>consulatus</span> <span class='ocrx_word' id='word_1_478' title='bbox 964 3879 985 3926; x_wconf 92' lang='lat' dir='ltr'>is</span> <span class='ocrx_word' id='word_1_479' title='bbox 996 3895 1027 3926; x_wconf 88' lang='lat' dir='ltr'>an</span> <span class='ocrx_word' id='word_1_480' title='bbox 1039 3879 1158 3928; x_wconf 89' lang='lat' dir='ltr'>addition.</span> <span class='ocrx_word' id='word_1_481' title='bbox 1193 3880 1217 3929; x_wconf 92' lang='lat' dir='ltr'>It</span> <span class='ocrx_word' id='word_1_482' title='bbox 1228 3879 1335 3928; x_wconf 83' lang='lat' dir='ltr'>restricts</span> <span class='ocrx_word' id='word_1_483' title='bbox 1346 3880 1388 3929; x_wconf 89' lang='lat' dir='ltr'>the</span> 
     </span>
     <span class='ocr_line' id='line_1_46' title="bbox 184 3942 1387 4008; baseline 0.002 -18"><span class='ocrx_word' id='word_1_484' title='bbox 184 3943 244 3990; x_wconf 90' lang='lat' dir='ltr'>with</span> <span class='ocrx_word' id='word_1_485' title='bbox 265 3943 307 3992; x_wconf 93' lang='lat' dir='ltr'>H:</span> <span class='ocrx_word' id='word_1_486' title='bbox 335 3942 391 4000; x_wconf 83' lang='lat' dir='ltr'>cf.§</span> <span class='ocrx_word' id='word_1_487' title='bbox 411 3945 425 3991; x_wconf 93' lang='lat'>8</span> <span class='ocrx_word' id='word_1_488' title='bbox 442 3959 468 3992; x_wconf 89' lang='lat' dir='ltr'>n.</span> <span class='ocrx_word' id='word_1_489' title='bbox 505 3945 571 3993; x_wconf 87' lang='lat' dir='ltr'>Cura</span> <span class='ocrx_word' id='word_1_490' title='bbox 588 3945 613 3992; x_wconf 93' lang='lat' dir='ltr'>in</span> <span class='ocrx_word' id='word_1_491' title='bbox 634 3946 676 3995; x_wconf 92' lang='lat' dir='ltr'>the</span> <span class='ocrx_word' id='word_1_492' title='bbox 693 3961 761 3994; x_wconf 89' lang='lat' dir='ltr'>sense</span> <span class='ocrx_word' id='word_1_493' title='bbox 811 3959 888 4004; x_wconf 85' lang='lat' dir='ltr'>sense,</span> <span class='ocrx_word' id='word_1_494' title='bbox 901 3943 982 3992; x_wconf 91' lang='lat' dir='ltr'>which</span> <span class='ocrx_word' id='word_1_495' title='bbox 995 3944 1016 3992; x_wconf 88' lang='lat' dir='ltr'>is</span> <span class='ocrx_word' id='word_1_496' title='bbox 1027 3945 1167 4008; x_wconf 88' lang='lat' dir='ltr'>improved,</span> <span class='ocrx_word' id='word_1_497' title='bbox 1179 3945 1202 3992; x_wconf 90' lang='lat' dir='ltr'>if</span> <span class='ocrx_word' id='word_1_498' title='bbox 1209 3946 1252 3994; x_wconf 88' lang='lat' dir='ltr'>the</span> <span class='ocrx_word' id='word_1_499' title='bbox 1262 3944 1387 3993; x_wconf 86' lang='lat' dir='ltr'>reflection</span> 
     </span>
     <span class='ocr_line' id='line_1_47' title="bbox 185 4006 1388 4073; baseline 0.003 -18"><span class='ocrx_word' id='word_1_500' title='bbox 185 4009 213 4055; x_wconf 92' lang='lat' dir='ltr'>of</span> <span class='ocrx_word' id='word_1_501' title='bbox 223 4006 760 4071; x_wconf 86' lang='lat' dir='ltr'>‘order‚&#39;‘getdone,’‘cause&#39;isconstrued</span> <span class='ocrx_word' id='word_1_502' title='bbox 812 4011 833 4058; x_wconf 92' lang='lat' dir='ltr'>is</span> <span class='ocrx_word' id='word_1_503' title='bbox 846 4025 913 4073; x_wconf 89' lang='lat' dir='ltr'>upon</span> <span class='ocrx_word' id='word_1_504' title='bbox 932 4010 1053 4058; x_wconf 85' lang='lat' dir='ltr'>ambition</span> <span class='ocrx_word' id='word_1_505' title='bbox 1069 4010 1098 4057; x_wconf 84' lang='lat' dir='ltr'>in</span> <span class='ocrx_word' id='word_1_506' title='bbox 1108 4010 1219 4073; x_wconf 78' lang='lat' dir='ltr'>general.</span> <span class='ocrx_word' id='word_1_507' title='bbox 1256 4009 1388 4073; x_wconf 78' lang='lat' dir='ltr'>Cupulitas</span> 
     </span>
     <span class='ocr_line' id='line_1_48' title="bbox 187 4073 1386 4139; baseline 0.003 -19"><span class='ocrx_word' id='word_1_508' title='bbox 187 4073 217 4137; x_wconf 79' lang='lat' dir='ltr'>(i)</span> <span class='ocrx_word' id='word_1_509' title='bbox 230 4074 288 4121; x_wconf 83' lang='lat' dir='ltr'>with</span> <span class='ocrx_word' id='word_1_510' title='bbox 300 4073 342 4121; x_wconf 87' lang='lat' dir='ltr'>the</span> <span class='ocrx_word' id='word_1_511' title='bbox 354 4075 486 4136; x_wconf 86' lang='lat' dir='ltr'>gerundive</span> <span class='ocrx_word' id='word_1_512' title='bbox 498 4090 525 4122; x_wconf 88' lang='lat' dir='ltr'>as</span> <span class='ocrx_word' id='word_1_513' title='bbox 536 4075 599 4134; x_wconf 90' lang='lat' dir='ltr'>here,</span> <span class='ocrx_word' id='word_1_514' title='bbox 612 4076 642 4125; x_wconf 92' lang='lat' dir='ltr'>cf.</span> <span class='ocrx_word' id='word_1_515' title='bbox 653 4076 722 4124; x_wconf 89' lang='lat' dir='ltr'>Verr.</span> <span class='ocrx_word' id='word_1_516' title='bbox 736 4093 760 4125; x_wconf 91' lang='lat' dir='ltr'>v.</span> <span class='ocrx_word' id='word_1_517' title='bbox 812 4077 833 4123; x_wconf 93' lang='lat' dir='ltr'>is</span> <span class='ocrx_word' id='word_1_518' title='bbox 840 4074 949 4124; x_wconf 90' lang='lat' dir='ltr'>Cicero&#39;s</span> <span class='ocrx_word' id='word_1_519' title='bbox 956 4075 1052 4138; x_wconf 85' lang='lat' dir='ltr'>regular</span> <span class='ocrx_word' id='word_1_520' title='bbox 1060 4077 1130 4123; x_wconf 91' lang='lat' dir='ltr'>word</span> <span class='ocrx_word' id='word_1_521' title='bbox 1136 4075 1175 4124; x_wconf 92' lang='lat' dir='ltr'>for</span> <span class='ocrx_word' id='word_1_522' title='bbox 1182 4075 1386 4139; x_wconf 81' lang='lat' dir='ltr'>‘ambiti0n,’e.g.</span> 
     </span>
     <span class='ocr_line' id='line_1_49' title="bbox 187 4135 1387 4205; baseline 0.003 -19"><span class='ocrx_word' id='word_1_523' title='bbox 187 4150 240 4201; x_wconf 74' lang='lat'>177,</span> <span class='ocrx_word' id='word_1_524' title='bbox 257 4139 311 4198; x_wconf 73' lang='lat'>185,</span> <span class='ocrx_word' id='word_1_525' title='bbox 325 4138 381 4195; x_wconf 90' lang='lat'>186,</span> <span class='ocrx_word' id='word_1_526' title='bbox 394 4138 434 4200; x_wconf 90' lang='lat' dir='ltr'>(ii)</span> <span class='ocrx_word' id='word_1_527' title='bbox 447 4138 508 4187; x_wconf 86' lang='lat' dir='ltr'>with</span> <span class='ocrx_word' id='word_1_528' title='bbox 520 4147 549 4187; x_wconf 87' lang='lat' dir='ltr'>ut</span> <span class='ocrx_word' id='word_1_529' title='bbox 565 4135 672 4190; x_wconf 71' lang='lat' dir='ltr'>and”the</span> <span class='ocrx_word' id='word_1_530' title='bbox 689 4141 760 4201; x_wconf 75' lang='lat' dir='ltr'>subi,</span> <span class='ocrx_word' id='word_1_531' title='bbox 812 4140 872 4189; x_wconf 90' lang='lat' dir='ltr'>Sull.</span> <span class='ocrx_word' id='word_1_532' title='bbox 893 4153 934 4205; x_wconf 90' lang='lat'>91,</span> <span class='ocrx_word' id='word_1_533' title='bbox 949 4141 998 4189; x_wconf 89' lang='lat' dir='ltr'>and</span> <span class='ocrx_word' id='word_1_534' title='bbox 1016 4141 1076 4190; x_wconf 91' lang='lat' dir='ltr'>does</span> <span class='ocrx_word' id='word_1_535' title='bbox 1094 4148 1139 4190; x_wconf 90' lang='lat' dir='ltr'>not</span> <span class='ocrx_word' id='word_1_536' title='bbox 1157 4142 1251 4204; x_wconf 88' lang='lat' dir='ltr'>require</span> <span class='ocrx_word' id='word_1_537' title='bbox 1269 4143 1387 4204; x_wconf 84' lang='lat' dir='ltr'>explana·</span> 
     </span>
     <span class='ocr_line' id='line_1_50' title="bbox 185 4204 870 4270; baseline -0.001 -16"><span class='ocrx_word' id='word_1_538' title='bbox 185 4221 237 4267; x_wconf 75' lang='lat' dir='ltr'>eg.</span> <span class='ocrx_word' id='word_1_539' title='bbox 247 4204 322 4252; x_wconf 89' lang='lat' dir='ltr'>Rosc.</span> <span class='ocrx_word' id='word_1_540' title='bbox 332 4205 390 4253; x_wconf 85' lang='lat' dir='ltr'>Am.</span> <span class='ocrx_word' id='word_1_541' title='bbox 402 4217 442 4264; x_wconf 86' lang='lat'>33,</span> <span class='ocrx_word' id='word_1_542' title='bbox 452 4219 480 4252; x_wconf 90' lang='lat' dir='ltr'>or</span> <span class='ocrx_word' id='word_1_543' title='bbox 491 4205 539 4268; x_wconf 89' lang='lat' dir='ltr'>(iii)</span> <span class='ocrx_word' id='word_1_544' title='bbox 550 4207 610 4254; x_wconf 90' lang='lat' dir='ltr'>with</span> <span class='ocrx_word' id='word_1_545' title='bbox 620 4205 661 4254; x_wconf 91' lang='lat' dir='ltr'>the</span> <span class='ocrx_word' id='word_1_546' title='bbox 671 4207 761 4270; x_wconf 90' lang='lat' dir='ltr'>simple</span> <span class='ocrx_word' id='word_1_547' title='bbox 811 4207 870 4255; x_wconf 87' lang='lat' dir='ltr'>tion.</span> 
     </span>
     <span class='ocr_line' id='line_1_51' title="bbox 185 4269 1386 4334; baseline 0.003 -16"><span class='ocrx_word' id='word_1_548' title='bbox 185 4269 346 4331; x_wconf 87' lang='lat' dir='ltr'>subjunctive.</span> <span class='ocrx_word' id='word_1_549' title='bbox 372 4269 427 4319; x_wconf 92' lang='lat' dir='ltr'>The</span> <span class='ocrx_word' id='word_1_550' title='bbox 439 4270 493 4329; x_wconf 86' lang='lat' dir='ltr'>last,</span> <span class='ocrx_word' id='word_1_551' title='bbox 506 4286 526 4319; x_wconf 93' lang='lat' dir='ltr'>e.</span> <span class='ocrx_word' id='word_1_552' title='bbox 532 4287 555 4334; x_wconf 86' lang='lat' dir='ltr'>g.</span> <span class='ocrx_word' id='word_1_553' title='bbox 568 4272 657 4320; x_wconf 86' lang='lat' dir='ltr'>curabo</span> <span class='ocrx_word' id='word_1_554' title='bbox 670 4273 762 4321; x_wconf 81' lang='lat' dir='ltr'>sentiat</span> <span class='ocrx_word' id='word_1_555' title='bbox 847 4285 884 4333; x_wconf 89' lang='lat'>15.</span> <span class='ocrx_word' id='word_1_556' title='bbox 897 4277 1243 4327; x_wconf 77' lang='lat' dir='ltr'>rumoremleveur,tiotam</span> <span class='ocrx_word' id='word_1_557' title='bbox 1248 4276 1386 4322; x_wconf 77' lang='lat' dir='ltr'>tabuIam:</span> 
     </span>
     <span class='ocr_line' id='line_1_52' title="bbox 185 4334 1389 4399; baseline 0.002 -16"><span class='ocrx_word' id='word_1_558' title='bbox 185 4334 327 4399; x_wconf 87' lang='lat' dir='ltr'>[Phaedr.],</span> <span class='ocrx_word' id='word_1_559' title='bbox 339 4335 390 4383; x_wconf 89' lang='lat' dir='ltr'>isa</span> <span class='ocrx_word' id='word_1_560' title='bbox 409 4337 603 4385; x_wconf 82' lang='lat' dir='ltr'>conversatroual</span> <span class='ocrx_word' id='word_1_561' title='bbox 615 4337 700 4397; x_wconf 90' lang='lat' dir='ltr'>idiom,</span> <span class='ocrx_word' id='word_1_562' title='bbox 712 4338 761 4386; x_wconf 85' lang='lat' dir='ltr'>and</span> <span class='ocrx_word' id='word_1_563' title='bbox 812 4337 850 4385; x_wconf 93' lang='lat' dir='ltr'>for</span> <span class='ocrx_word' id='word_1_564' title='bbox 863 4337 906 4386; x_wconf 92' lang='lat' dir='ltr'>the</span> <span class='ocrx_word' id='word_1_565' title='bbox 921 4352 989 4385; x_wconf 88' lang='lat' dir='ltr'>sense</span> <span class='ocrx_word' id='word_1_566' title='bbox 1007 4336 1037 4386; x_wconf 85' lang='lat' dir='ltr'>cf.</span> <span class='ocrx_word' id='word_1_567' title='bbox 1054 4337 1087 4385; x_wconf 89' lang='lat' dir='ltr'>ad</span> <span class='ocrx_word' id='word_1_568' title='bbox 1108 4338 1215 4387; x_wconf 86' lang='lat' dir='ltr'>Herenn.</span> <span class='ocrx_word' id='word_1_569' title='bbox 1236 4338 1260 4385; x_wconf 93' lang='lat' dir='ltr'>ii.</span> <span class='ocrx_word' id='word_1_570' title='bbox 1283 4351 1320 4397; x_wconf 83' lang='lat'>12,</span> <span class='ocrx_word' id='word_1_571' title='bbox 1341 4338 1389 4386; x_wconf 81' lang='lat' dir='ltr'>loci</span> 
     </span>
     <span class='ocr_line' id='line_1_53' title="bbox 184 4399 1387 4466; baseline 0.001 -16"><span class='ocrx_word' id='word_1_572' title='bbox 184 4409 228 4450; x_wconf 91' lang='lat' dir='ltr'>not</span> <span class='ocrx_word' id='word_1_573' title='bbox 239 4402 314 4449; x_wconf 89' lang='lat' dir='ltr'>found</span> <span class='ocrx_word' id='word_1_574' title='bbox 326 4401 351 4448; x_wconf 90' lang='lat' dir='ltr'>in</span> <span class='ocrx_word' id='word_1_575' title='bbox 363 4399 405 4450; x_wconf 89' lang='lat' dir='ltr'>the</span> <span class='ocrx_word' id='word_1_576' title='bbox 416 4400 538 4464; x_wconf 90' lang='lat' dir='ltr'>speeches.</span> <span class='ocrx_word' id='word_1_577' title='bbox 811 4417 950 4451; x_wconf 79' lang='lat' dir='ltr'>communes</span> <span class='ocrx_word' id='word_1_578' title='bbox 958 4418 990 4451; x_wconf 91' lang='lat' dir='ltr'>on</span> <span class='ocrx_word' id='word_1_579' title='bbox 1000 4419 1106 4461; x_wconf 88' lang='lat' dir='ltr'>rumour,</span> <span class='ocrx_word' id='word_1_580' title='bbox 1119 4407 1125 4430; x_wconf 89' lang='lat'>‘</span> <span class='ocrx_word' id='word_1_581' title='bbox 1135 4412 1176 4451; x_wconf 86' lang='lat' dir='ltr'>aut</span> <span class='ocrx_word' id='word_1_582' title='bbox 1175 4401 1267 4466; x_wconf 84' lang='lat' dir='ltr'>fictam</span> <span class='ocrx_word' id='word_1_583' title='bbox 1267 4402 1387 4466; x_wconf 81' lang='lat' dir='ltr'>fabulam</span> 
     </span>
    </p>

    <p class='ocr_par' dir='ltr' id='par_1_13' title="bbox 218 4467 1387 4532">
     <span class='ocr_line' id='line_1_54' title="bbox 218 4467 1387 4532; baseline 0.003 -18"><span class='ocrx_word' id='word_1_584' title='bbox 218 4476 239 4529; x_wconf 83' lang='lat'>7.</span> <span class='ocrx_word' id='word_1_585' title='bbox 258 4482 340 4523; x_wconf 76' lang='lat' dir='ltr'>quom</span> <span class='ocrx_word' id='word_1_586' title='bbox 362 4472 574 4517; x_wconf 68' lang='lat' dir='ltr'>...oooiiiew</span> <span class='ocrx_word' id='word_1_587' title='bbox 609 4467 710 4532; x_wconf 88' lang='lat' dir='ltr'>Quintil.</span> <span class='ocrx_word' id='word_1_588' title='bbox 734 4484 758 4518; x_wconf 89' lang='lat' dir='ltr'>v.</span> <span class='ocrx_word' id='word_1_589' title='bbox 811 4469 837 4517; x_wconf 89' lang='lat' dir='ltr'>in</span> <span class='ocrx_word' id='word_1_590' title='bbox 848 4468 1001 4518; x_wconf 85' lang='lat' dir='ltr'>adversarios</span> <span class='ocrx_word' id='word_1_591' title='bbox 1012 4468 1151 4518; x_wconf 86' lang='lat' dir='ltr'>adferemus</span> <span class='ocrx_word' id='word_1_592' title='bbox 1169 4506 1175 4519; x_wconf 93' lang='lat'>.</span> <span class='ocrx_word' id='word_1_593' title='bbox 1192 4503 1199 4517; x_wconf 91' lang='lat'>.</span> <span class='ocrx_word' id='word_1_594' title='bbox 1218 4506 1224 4518; x_wconf 92' lang='lat'>.</span> <span class='ocrx_word' id='word_1_595' title='bbox 1242 4477 1285 4518; x_wconf 87' lang='lat' dir='ltr'>aut</span> <span class='ocrx_word' id='word_1_596' title='bbox 1298 4484 1387 4519; x_wconf 80' lang='lat' dir='ltr'>verum</span> 
     </span>
    </p>
   </div>
   <div class='ocr_carea' id='block_1_6' title="bbox 0 0 1468 4928">
    <p class='ocr_par' dir='ltr' id='par_1_14' title="bbox 0 0 1468 4928">
     <span class='ocr_line' id='line_1_55' title="bbox 0 0 1468 4928; baseline 0 1"><span class='ocrx_word' id='word_1_597' title='bbox 0 0 1468 4928; x_wconf 95' lang='lat' dir='ltr'> </span> 
     </span>
    </p>
   </div>
  </div>
 </body>
</html>
