2926 4928
650 321 892 388 ASCONIUS

558 572 651 637 Van.
677 570 708 635 A
733 572 860 637 Novis.
883 569 978 636 CLX

212 750 279 811 quo
301 727 375 793 loco
398 727 525 792 inducit
548 726 740 810 loquentem
759 726 920 790 Milonem
944 747 1018 791 cum
1041 726 1204 792 bonarum
1227 729 1375 810 partium

167 832 359 897 hominibus
374 832 418 896 de
434 832 560 895 meritis
574 832 658 894 suis:

212 933 244 1023 (b
257 934 323 1023 95.)
338 935 494 999 Plebem
511 944 549 999 et
564 934 737 998 infimam
753 933 1168 1016 multitudinem,quae
1184 934 1219 997 P.
1234 933 1376 1000 Clodio

169 1041 267 1104 duce
290 1039 457 1104 fortunis
479 1039 621 1103 vestris
644 1038 883 1115 imminebat,
905 1059 997 1115 eam,
1023 1059 1099 1121 quo
1127 1038 1251 1103 tutior
1273 1049 1404 1114 esset5

168 1154 299 1209 vestra
321 1143 413 1220 vita,
435 1164 475 1207 se
500 1147 627 1224 (suam
647 1143 793 1221 fecisse
813 1150 1089 1215 commemorat,
1110 1150 1154 1204 ut
1174 1164 1246 1206 non-
1269 1144 1377 1208 modo

170 1247 339 1329 virtute)
379 1245 569 1322 flecteret,
600 1247 667 1310 sed
697 1247 816 1310 etiam
847 1245 974 1311 tribus
1003 1246 1085 1309 suis
1123 1247 1377 1330 patrimoniis

170 1351 373 1416 deleniret.

216 1455 301 1519 Puto
324 1456 390 1519 iam
414 1474 514 1536 supra
531 1474 603 1518 esse
621 1453 747 1518 dictum
765 1453 928 1517 Milonem
944 1473 988 1516 ex
1003 1452 1127 1517 familia
1143 1453 1244 1517 luisse
1261 1452 1374 1535 Papia,

171 1559 292 1622 deinde
306 1559 504 1640 adoptatum
521 1578 592 1622 esse
607 1558 649 1622 ab
666 1556 706 1620 T.
722 1556 847 1631 Annio,
859 1577 923 1620 avo
939 1576 1000 1621 suo
1016 1564 1176 1622 materno.
1222 1557 1375 1620 Tertium
1392 1579 1421 1614 10

171 1663 407 1744 patrimonium
438 1661 569 1726 videtur
598 1659 782 1744 significare
812 1660 949 1739 matris3
990 1657 1126 1745 (aliud)
1160 1663 1248 1726 enim
1284 1660 1376 1744 quod

171 1766 277 1843 luerit,
300 1787 366 1830 non
389 1765 509 1830 inveni.

217 1996 354 2060 Peracta
373 1996 537 2078 utrimque
557 2015 656 2059 causa
679 1995 800 2078 singuli
822 1997 939 2079 quinos
955 2006 1128 2061 accusator
1142 2006 1176 2061 et
1192 2016 1266 2060 reus
1281 2017 1377 2061 sena-

173 2108 271 2175 tores,
295 2100 437 2163 totidem
463 2099 589 2182 equites
615 2103 683 2181 (et)
707 2100 858 2164 tribunos
882 2101 1025 2166 aerarios
1049 2100 1239 2176 reiecerunt,
1264 2101 1311 2164 ita
1339 2110 1377 2165 ut

173 2223 258 2267 unus
281 2211 315 2266 et
331 2204 360 2267 L
377 2203 559 2267 sententias
581 2203 724 2267 tulerint.
766 2202 1274 2270 Senatores‘condemnaverunt
1294 2204 1377 2282 XII,
1394 2229 1423 2277 15

174 2307 387 2371 absolverunt
397 2306 447 2369 VI
462 2332 469 2385 ;
486 2307 614 2389 equites
626 2302 929 2372 condemnaverunt
942 2308 1041 2386 XIII,
1053 2307 1267 2373 absolverunt
1281 2307 1356 2371 IIII
1368 2333 1377 2386 3

174 2411 297 2475 tribuni
324 2411 440 2474 aerarii
468 2411 770 2475 condemnaverunt
797 2412 897 2489 XIII,
925 2412 1136 2476 absolverunt
1162 2412 1227 2476 III.
1270 2411 1377 2476 Vide·

174 2513 294 2578 bantur
308 2534 375 2577 non
391 2514 561 2595 ignorasse
576 2514 699 2579 iudices
714 2514 816 2577 inscio
833 2513 959 2579 Milone
975 2515 1068 2579 initio
1079 2515 1288 2579 vulneratum
1303 2535 1378 2579 esse

176 2615 341 2694 Clodium,
366 2618 424 2681 sed
451 2627 681 2700 compererant
712 2627 788 2701 post
818 2638 919 2700 quarn
944 2617 1137 2683 vulneratus
1165 2627 1254 2682 esset
1284 2618 1377 2682 iussu

175 2720 312 2785 Milonis
335 2722 489 2786 occisum.
535 2721 682 2785 Fuerunt
705 2722 762 2804 qui
785 2722 957 2787 crederent
981 2722 1028 2786 M.
1050 2720 1187 2786 Catonis
1209 2720 1423 2786 sententiaro

174 2844 248 2888 eum
274 2845 345 2888 esse
368 2822 579 2902 absolutum3
603 2834 735 2889 namet
757 2824 843 2889 bene
866 2846 942 2889 cum
966 2825 1154 2910 republica
1173 2834 1286 2890 actum
1303 2846 1378 2890 csse

174 2938 279 2992 morte
296 2927 331 2990 P.
349 2926 447 2991 Clodi
463 2949 530 2992 non
541 2927 812 2997 ,dissimulaverat
833 2940 867 2994 et
885 2931 1043 2994 studebat
1063 2930 1096 2994 in
1115 2929 1276 3012 petitione
1294 2951 1376 2995 con·

173 3032 300 3096 sulatus
313 3030 432 3094 Miloni
448 3041 482 3096 et
499 3052 554 3094 reo
566 3031 726 3098 adsuerat.
772 3033 804 3096 N
807 3033 1012 3099 ominaverat
1024 3054 1156 3116 quoque
1168 3054 1244 3098 eum
1257 3032 1377 3098 Cicero

173 3145 381 3217 praesentem
398 3145 431 3200 et
446 3145 588 3200 testatus
604 3145 673 3200 erat
689 3137 819 3201 audisse
834 3157 911 3201 eum
927 3158 947 3200 a
963 3136 1010 3200 M.
1030 3137 1178 3201 Favonio
1192 3147 1270 3202 ante
1285 3137 1376 3202 diem

123 3259 160 3306 54
173 3239 307 3303 tertium
320 3260 420 3322 quam
433 3238 521 3303 iacta
532 3240 648 3304 caedes
660 3249 738 3314 erat,
751 3239 905 3318 Clodium
917 3240 1042 3304 dixisse
1057 3241 1240 3325 periturum
1251 3261 1324 3306 esse
1335 3261 1377 3305 eo
1391 3264 1420 3315 25

173 3342 284 3406 triduo
301 3343 462 3407 Milonem
480 3391 635 3408 .......
682 3342 750 3409 Sed
767 3344 902 3407 Milonis
917 3365 1050 3428 quoque
1065 3353 1179 3409 notam
1198 3345 1375 3410 audaciam

174 3447 329 3511 removeri
345 3468 365 3511 a
381 3467 415 3510 re
430 3447 560 3531 publica
572 3444 652 3510 utile
662 3448 769 3511 visum
782 3458 842 3513 est.
888 3447 980 3513 Scire
992 3457 1100 3513 tamen
1112 3469 1205 3512 nemo
1216 3469 1376 3532 umquam

174 3551 293 3633 potuit,
324 3560 434 3614 utram
471 3551 668 3614 sententiam
704 3551 838 3616 tulisset.
894 3551 1100 3617 Damnatum
1129 3560 1241 3616 autem
1272 3573 1377 3637 opera

175 3655 323 3717 maxime
340 3653 431 3736 Appi
451 3652 570 3721 Claudi
582 3654 834 3738 pronuntiatum
854 3664 913 3720 est.
959 3655 1043 3720 Milo
1063 3665 1196 3740 postero
1216 3655 1271 3720 die
1290 3678 1377 3721 nova

346 3821 371 3873 6.
388 3838 470 3885 suam,
482 3824 605 3889 supplevi.
687 3838 725 3873 12.
742 3826 823 3874 inveni
835 3825 886 3874 KS.
898 3824 923 3874 in
935 3826 1083 3876 Addendis:
1101 3826 1210 3876 invenio.

210 3995 247 4045 15.
265 3996 341 4030 unua
352 3988 381 4031 et
393 3987 430 4030 11:
449 3981 464 4029 i.
472 3997 493 4031 e.
502 3982 617 4046 eighteen
633 3989 751 4043 senators,
800 3982 871 4032 other
883 3983 1011 4034 occasions
1022 4000 1062 4034 see
1073 3984 1172 4049 Zumpt.
1183 4000 1210 4049 p.
1223 3999 1263 4048 3²·

176 4054 304 4096 seventeen
326 4049 428 4111 equites,
453 4046 503 4094 and
532 4049 625 4097 sixteen
652 4048 754 4097 tribuni
835 4063 873 4098 ao.
889 4055 1073 4100 montonis:
1091 4066 1165 4114 seep.
1178 4066 1203 4100 x.

175 4113 278 4162 aerarii.
313 4112 350 4160 As
369 4114 411 4160 the
424 4113 518 4161 verdict
534 4129 584 4161 was
600 4113 752 4162 determined
833 4127 872 4173 23.
888 4121 1092 4164 recadruerut:
1111 4117 1253 4178 Ascon35.

175 4180 209 4242 by
220 4196 234 4227 a
245 4178 379 4227 numerical
391 4179 505 4241 majority
517 4178 547 4226 of
554 4186 630 4238 votes,
646 4179 694 4226 and
707 4186 752 4228 not
832 4193 871 4241 ²4·
888 4185 927 4228 Ι.
939 4186 1078 4231 Favonio:
1096 4181 1127 4231 cl.
1142 4185 1170 4240 ἐξ
1186 4181 1222 4240 26,
1236 4195 1277 4244 44.

174 4246 208 4307 by
220 4245 332 4307 carrying
345 4252 395 4292 two
415 4252 457 4292 out
476 4245 505 4292 ol
520 4245 562 4292 the
577 4245 645 4293 three
661 4244 752 4293 classes
832 4260 870 4309 29.
893 4251 1109 4303 pronuntiatum
1137 4253 1196 4295 eat:
1235 4249 1278 4297 the
1306 4247 1377 4298 effect

176 4309 287 4375 [singuli
296 4308 416 4372 ordines}
428 4309 479 4359 this
495 4325 558 4373 gave
570 4325 601 4357 an
613 4309 752 4374 advantage
798 4310 827 4357 oi
844 4309 894 4359 this
916 4311 1069 4360 declaration
1085 4311 1168 4360 would
1190 4312 1221 4361 be
1242 4320 1270 4363 to
1289 4314 1377 4363 entitle

174 4383 201 4424 to
213 4376 255 4424 the
270 4374 407 4439 privileged
424 4375 507 4422 orders
519 4374 602 4438 [Fam.
615 4375 664 4423 viii.
678 4377 700 4423 8.
713 4375 749 4437 3].
797 4376 849 4422 him
867 4383 893 4424 to
910 4374 952 4426 the
963 4379 1108 4441 praemium
1119 4377 1187 4442 legis,
1200 4377 1223 4426 is
1234 4377 1267 4428 he
1281 4380 1377 4430 wished

175 4442 226 4490 For
237 4440 278 4490 the
289 4442 392 4489 number
406 4441 435 4490 oi
446 4441 488 4490 the
496 4439 551 4504 jury
563 4455 629 4505 upon
640 4440 690 4490 this
701 4441 749 4490 and
796 4441 834 4489 for
845 4441 873 4490 it.
