2926 4928
477 316 536 380 IN
561 315 895 382 MILONIANAM.
1226 335 1290 404 109

133 493 216 560 Cum
235 493 352 578 aliquis
370 493 404 556 in
423 493 563 557 dicenda
586 493 753 557 sententia
773 491 856 557 duas
877 491 1027 576 pluresve
1049 513 1100 557 res
1123 493 1287 577 complec-

87 598 176 673 titur,
193 598 219 662 si
242 599 293 662 cui
315 618 381 663 non
400 618 517 662 omnes
538 618 597 662 eae
618 596 812 681 probantur,
828 597 978 679 postulat
998 606 1036 660 ut
1057 597 1235 676 dividatur,
1251 599 1285 661 id

88 712 139 767 est
154 703 197 766 de
213 702 309 767 rebus
326 701 463 785 singulis
479 700 648 766 reseratur.
694 701 848 764 Forsitan
861 721 948 764 nunc
960 701 1023 766 hoc
1036 722 1168 785 quoque
1180 702 1288 767 velitis

88 807 179 885 scire,
198 808 256 889 qui
279 807 385 880 fuerit,
410 806 467 889 qui
491 806 524 868 id
548 803 772 888 postulaverit.
819 804 921 888 Quod
945 826 1011 869 non
1037 805 1104 870 fere
1127 807 1287 870 traditur:

58 930 155 986 5n0n
179 911 265 974 enim
288 911 327 985 e'i,
352 909 408 994 qui
431 909 494 973 hoc
518 908 676 992 postulat,
700 909 849 972 oratione
876 908 977 992 longa
1001 908 1163 974 utendum
1186 930 1224 973 ac
1247 929 1289 972 ne

87 1014 352 1096 consurgendum
381 1013 515 1096 quidem
548 1013 661 1095 utique
692 1021 762 1091 est3
795 1012 890 1076 multi
921 1012 1009 1076 enim
1040 1013 1192 1076 sedentes
1225 1012 1288 1076 hoc

89 1139 190 1182 unum
218 1117 354 1182 verbum
381 1117 598 1201 pronuntiant
626 1116 795 1180 Divide:
829 1116 1021 1199 quodcum
1048 1117 1199 1180 auditum
1227 1127 1287 1191 est,

88 1220 227 1286 liberum
257 1221 345 1304 (est)
372 1221 410 1299 ei,
437 1221 494 1304 qui
521 1220 599 1284 iacit
624 1220 825 1297 relationem,
853 1219 1010 1284 dividere.
1058 1219 1125 1283 Sed
1155 1240 1229 1304 ego,
1253 1229 1290 1284 ut

88 1325 245 1390 curiosius
261 1327 363 1390 aetati
379 1335 507 1389 vestrae
521 1323 733 1398 satisfaciam,
749 1323 839 1387 Acta
858 1324 958 1387 etiam
980 1324 1083 1389 totius
1103 1323 1189 1387 illius
1205 1334 1289 1388 tem·

44 1450 75 1487 10
88 1430 178 1514 poris
194 1438 385 1512 persecutus
401 1450 474 1492 sum
489 1453 496 1506 ;
520 1428 553 1492 in
569 1428 689 1511 quibus
706 1427 847 1512 cognovi
863 1428 971 1509 pridie
988 1427 1065 1491 Kal.
1085 1428 1182 1491 Mart.
1200 1426 1234 1492 S.
1251 1426 1290 1493 C.
1349 1417 1352 1422 ’

89 1554 162 1599 esse
186 1533 321 1608 factum,
346 1533 381 1597 P.
407 1531 505 1596 Clodi
532 1533 669 1597 caedem
696 1541 730 1595 et
757 1531 945 1595 incendium
973 1532 1083 1595 curiae
1105 1542 1138 1595 et
1162 1553 1290 1616 oppug-

89 1638 257 1702 nationem
270 1637 404 1701 aedium
419 1638 465 1701 M.
481 1636 600 1718 Lepidi
616 1646 732 1700 contra
749 1656 818 1699 rem
834 1657 866 1718 p.
880 1636 1003 1701 factam
1016 1661 1024 1712 3
1047 1636 1134 1700 ultra
1149 1636 1290 1700 relatum

89 1741 124 1804 in
151 1741 247 1804 Actis
272 1741 329 1804 illo
354 1742 409 1806 die
436 1741 540 1820 nihil;
572 1749 705 1823 postero
732 1740 796 1818 die,
823 1740 856 1802 id
882 1750 933 1804 est
962 1738 1038 1804 Kal.
1067 1740 1176 1818 Mart,
1206 1740 1223 1823 <
1232 1741 1290 1822 T.)

91 1845 278 1909 Munatium
295 1846 328 1908 in
343 1846 498 1910 contione
513 1845 708 1927 exposuisse
726 1843 852 1926 populo
869 1865 956 1927 quae
974 1844 1080 1926 pridie
1102 1855 1177 1909 acta
1197 1854 1292 1910 erant

46 1970 75 2021 ¹5
90 1948 123 2011 in
139 1959 276 2013 senatu:
299 1950 331 2012 in
348 1970 414 2031 qua
430 1949 584 2012 contione
604 1947 609 2033 Ι
628 1939 709 2013 ha‘ec
730 1948 818 2013 dixit
839 1948 882 2012 ad
898 1949 1056 2013 verbum:
1081 1947 1176 2012 Cum
1195 1949 1290 2012 Hor·
1305 1960 1341 2005 45

90 2053 245 2117 tensius
272 2053 451 2128 dixisset,
478 2062 521 2116 ut
547 2063 664 2116 extra
694 2053 869 2116 ordinem
900 2060 1163 2134 quaereretur
1188 2055 1291 2136 apud

90 2157 378 2239 quaesitorem3
400 2157 631 2221 aestimaret
653 2156 837 2230 futurum,
854 2166 1004 2232 ut,cum
1026 2155 1207 2238 pusillum
1231 2156 1292 2221 de·

91 2260 220 2324 disset
243 2260 660 2343 dulcedinis,largiter
683 2249 922 2323 acerbitatis
947 2260 1204 2324 devorarent:
1228 2260 1292 2324 ad-

90 2385 230 2428 versus
257 2363 457 2429 hominem
486 2364 733 2450 ingeniosum
758 2384 835 2427 non
862 2363 1022 2445 ingenio
1053 2364 1111 2426 usi
1142 2384 1294 2440 sumus;

46 2455 311 2532 reinvenimus
327 2469 494 2544 Fusium,
510 2468 577 2551 qui
601 2469 751 2532 diceret
766 2473 773 2500 ‘
787 2465 949 2531 Divide’
967 2489 974 2546 3
997 2467 1173 2551 reliquae
1188 2469 1293 2552 parti

89 2572 313 2637 sententiae
329 2593 404 2655 ego
420 2583 458 2638 et
475 2571 697 2638 Sallustius
715 2572 1015 2636 intercessimus.
1062 2573 1157 2637 Haec
1172 2574 1294 2647 contio,

92 2686 128 2741 ut
154 2686 245 2760 put0,
270 2675 425 2761 explicat,
452 2686 486 2740 et
513 2677 592 2759 quid
624 2686 758 2741 senatus
783 2676 957 2740 decernere
981 2675 1131 2754 voluerit,
1157 2688 1191 2742 et
1220 2678 1294 2761 quis

91 2781 286 2848 divisionem
312 2780 537 2863 postulaverit,
553 2790 587 2846 et
611 2781 686 2863 quis
711 2779 932 2845 intercesserit
956 2788 989 2844 et
1012 2800 1078 2845 cur.
1126 2779 1211 2845 Illud
1234 2803 1294 2846 vos

92 2885 280 2950 meminisse
295 2906 362 2949 nou
385 2886 502 2950 dubito
525 2906 585 2968 per
601 2885 643 2970 Q.
663 2883 795 2947 Fufium
819 2883 877 2948 illo
899 2904 1034 2968 quoque
1056 2894 1205 2968 ternpore
1227 2905 1294 2967 quo

48 3009 78 3059 ²5
92 2990 135 3053 de
162 2991 287 3054 incesto
315 2990 349 3055 P.
378 2989 475 3054 Clodi
502 2999 613 3055 actum
641 2988 853 3066 estfactum,
880 3008 921 3051 ne
951 3010 971 3053 a
1001 2999 1118 3053 senatu
1149 2989 1295 3071 asperius

93 3094 334 3158 decerneretur.

138 3197 190 3261 De
206 3197 245 3261 L.
263 3198 414 3262 Domitio
430 3197 532 3263 dicit:

137 3296 168 3386 (h
189 3299 254 3382 22.)
300 3302 479 3366 Dederas
505 3301 615 3376 enim,
644 3321 758 3385 quam
784 3309 1055 3365 contemneres
1083 3297 1295 3384 populares

94 3405 276 3483 insanias,
295 3405 370 3469 iam
387 3407 434 3469 ab
451 3404 726 3469 adulescentia
742 3404 981 3468 documenta
997 3404 1182 3468 maxima.

49 3525 81 3573 30
141 3509 371 3574 Constantiam
399 3510 438 3573 L.
463 3509 591 3572 Domiti
619 3529 720 3593 quam
747 3509 781 3572 in
807 3518 984 3590 quaestura
1006 3508 1170 3591 praestitit
1196 3507 1295 3591 signi·

245 3673 281 3728 17.
299 3662 444 3719 aestimaret,
456 3662 563 3712 Rinkes:
582 3662 721 3712 aestimare.
782 3660 899 3720 dedisset,
911 3659 1017 3710 Rinkes:
1036 3660 1149 3710 edissent.

447 3741 487 3790 30.
505 3735 643 3794 quaestura,
655 3729 799 3778 Manutius:
811 3734 944 3792 practura.

128 3881 275 3938 8.01,qu1
293 3883 377 3929 iacit:
404 3879 523 3944 Pompey,
544 3878 601 3928 who
620 3894 672 3928 was
718 3884 795 3940 ment,
807 3877 879 3928 when
895 3879 961 3928 Milo
979 3879 1001 3928 is
1017 3877 1135 3928 snatched
1152 3876 1216 3927 from
1233 3874 1297 3926 their

112 3945 220 4008 residing
232 3960 263 3993 on
276 3944 325 3994 this
336 3945 459 4005 occasion,
472 3945 531 3994 Aso.
542 3953 581 4008 37,
590 3944 672 4009 might
718 3960 800 4009 grasp.
847 3945 917 3995 ‘The
940 3945 1094 4009 sugat-plum
1116 3943 1169 3992 will
1186 3959 1262 4007 prove
1282 3958 1298 3990 a

95 3961 158 4060 have
170 4010 283 4060 declined
294 4021 321 4060 to
332 4018 404 4074 grant
415 4010 457 4061 the
468 4015 573 4075 request.
718 4011 794 4060 bitter
804 4010 868 4074 pill’
886 4011 940 4060 The
952 4027 1057 4075 passage
1069 4010 1090 4059 is
1101 4009 1159 4059 well
1166 4007 1297 4074 explained

128 4091 153 4140 9.
177 4081 268 4125 aetati
288 4083 419 4126 natm:
445 4092 475 4126 so
497 4091 563 4140 supr.
588 4080 672 4126 vestra
717 4077 751 4140 by
763 4074 865 4136 Rinkes,
878 4076 973 4127 Mnem.
987 4093 1010 4124 x.
1023 4089 1067 4124 aar
1083 4091 1135 4140 sqq.

95 4149 169 4191 aetas.
204 4141 271 4205 Only
282 4141 352 4191 those
367 4141 425 4191 who
441 4142 491 4190 had
508 4141 613 4191 reached
630 4141 673 4191 the
754 4142 790 4190 18.
807 4146 944 4200 multer:
973 4140 1004 4192 cf.
1033 4142 1114 4190 Plaut.
1138 4139 1204 4189 Rud.
1234 4152 1295 4202 1315

96 4223 143 4271 age
160 4207 189 4257 oi
200 4206 351 4269 twenty-five
362 4223 431 4269 years
442 4222 506 4257 were
522 4206 628 4258 allowed
644 4215 672 4257 to
718 4207 825 4270 largiter
834 4206 950 4256 mercedis
961 4206 1108 4271 indipiscar.

96 4273 183 4322 attend
193 4273 295 4322 debates
306 4272 331 4320 in
344 4273 387 4322 the
398 4280 488 4322 senate.
754 4285 791 4336 19.
808 4277 1005 4331 intemetum:
1029 4272 1061 4322 cf.
1080 4272 1142 4321 Div.
1160 4270 1185 4319 in
1203 4268 1296 4319 Caecil.

133 4348 170 4400 17.
187 4343 326 4396 numum
343 4343 484 4388 ddunt:
510 4338 553 4388 the
573 4338 672 4388 dulcedo
717 4352 797 4401 44sq.

97 4404 200 4454 consisto
211 4403 237 4452 in
252 4403 294 4453 the
309 4403 459 4461 concession,
481 4410 510 4452 ut
529 4411 601 4454 extra
618 4403 671 4454 ord.
753 4419 792 4465 24.
808 4408 860 4452 sslo
871 4417 978 4461 quoque
988 4409 1130 4460 tompore:
1147 4402 1177 4451 cf.
1192 4406 1203 4461 ξ
1220 4413 1250 4462 14
1261 4415 1286 4446 n.

96 4475 238 4535 quaeretur,
246 4469 288 4521 the
296 4469 415 4519 acerbitas
426 4470 452 4518 in
464 4468 506 4521 the
517 4469 672 4534 disappoiut·
752 4482 792 4533 30.
809 4475 979 4527 quaeum:
997 4472 1010 4527 5
1025 4481 1053 4516 22
1068 4483 1094 4516 n.
