2926 4928
415 275 417 280 ’
517 278 532 310 ’
555 319 614 383 nv
639 316 980 383 MILONJANAM.
1303 331 1365 401 115

166 495 334 578 interesse,
356 517 459 562 unum
490 517 566 561 eum
597 497 710 560 excuti
739 496 831 581 prius
861 516 961 579 quam
992 495 1025 558 in
1051 502 1201 559 senatum
1228 492 1366 557 intraret

167 601 314 666 iusserat.
369 602 444 666 Hae
473 611 551 666 sunt
584 601 788 682 suspiciones
820 619 904 683 quas
939 619 975 662 se
1007 598 1124 663 Cicero
1154 597 1235 662 dicit
1264 597 1365 680 perti-

168 724 320 772 mescere.

210 804 242 893 (d
262 807 326 894 71.)
357 807 460 892 Quid
484 808 583 873 enirn
606 806 731 872 minus
753 806 824 871 illo
844 806 1002 890 dignum
1026 826 1140 888 quam
1161 826 1310 889 cogere,
1325 812 1367 868 ut

139 933 234 983 svos
264 933 348 978 eum
379 913 656 989 condemnetis,
681 913 719 975 in
743 932 854 995 quem
881 911 1193 975 animadvertere
1219 910 1303 993 ipse
1329 916 1367 972 et

168 1035 271 1079 more
294 1016 481 1080 maiorum
505 1024 544 1080 et
566 1036 635 1079 suo
663 1015 745 1079 iure
770 1019 927 1099 posset?
964 1014 1032 1078 sed
1059 1013 1256 1095 praesidio
1283 1031 1368 1076 esse

167 1127 201 1184 et
223 1127 339 1184 cetera
1171 1104 1173 1109 ’

214 1223 310 1287 Idem
333 1224 373 1287 T.
395 1223 568 1288 Munatius
589 1221 738 1301 Plancus,
754 1230 791 1286 ut
811 1242 911 1305 saepe
929 1220 1085 1297 diximus,
1103 1228 1180 1304 post
1200 1218 1314 1283 audita
1334 1227 1368 1282 et

168 1326 343 1410 obsignata
358 1328 494 1392 testium
510 1326 611 1391 verba
626 1327 844 1409 dimissosque
860 1324 991 1389 interim
1013 1325 1137 1389 iudices
1152 1332 1271 1388 vocata
1290 1343 1368 1386 con·

125 1455 157 1490 ιο
169 1430 258 1494 tione
279 1430 472 1496 cohortatus
490 1439 560 1495 erat
576 1430 748 1515 populum,
765 1440 802 1494 ut
822 1430 921 1493 clusis
942 1429 1088 1494 tabernis
1109 1437 1242 1511 postero
1258 1427 1312 1491 die
1327 1427 1369 1490 ad

169 1534 328 1599 iudicium
343 1536 473 1600 adesset
489 1555 549 1600 nec
564 1543 732 1618 pateretur
746 1534 832 1599 elabi
849 1533 1019 1596 Milonem.

214 1634 246 1724 (ς
270 1635 335 1724 87.)
374 1639 656 1704 Incidebantur
681 1639 755 1703 iam
780 1639 883 1702 domi
906 1635 1022 1720 leges,
1036 1658 1135 1720 quae
1158 1656 1228 1700 nos
1255 1632 1371 1699 servis

171 1743 317 1806 nostris
333 1743 571 1808 addicerent.

216 1845 429 1931 Significasse
443 1847 510 1910 iam
526 1858 610 1930 puto
625 1867 685 1911 nos
702 1845 802 1910 luisse
816 1847 902 1910 inter
917 1845 1006 1930 leges
1023 1844 1057 1907 P.
1071 1843 1180 1920 Clodi,
1190 1862 1273 1927 quas
1288 1843 1372 1907 serre

129 1971 158 2023 15
173 1959 401 2033 proposuerat,
415 1970 490 2014 eam
514 1971 655 2035 quoque,
678 1971 745 2033 qua
771 1949 924 2027 libertini,
947 1941 1003 2033 qu'i
1026 1969 1092 2012 non
1116 1949 1190 2030 plus
1213 1967 1314 2031 quam
1338 1947 1372 2009 in

176 2052 298 2137 (IIII)
315 2053 466 2118 tribubus
482 2054 673 2139 suffragium
695 2054 851 2128 ferebant,
868 2061 1003 2137 possent
1026 2053 1059 2117 in
1082 2052 1210 2116 rusticis
1237 2071 1373 2134 quoque

174 2157 333 2231 tribubus,
350 2177 436 2240 quae
451 2159 603 2240 propriae
618 2159 837 2240 ingenuorum
852 2167 938 2236 sunt,
954 2158 1046 2221 serre.

218 2253 252 2343 (b
278 2253 343 2343 88.)
377 2258 555 2337 Senatus,
585 2259 710 2337 credo,
740 2266 960 2342 praetorem
991 2277 1076 2321 eum
1107 2255 1373 2339 circumscrip-

175 2362 300 2426 sisset.
343 2361 400 2426 Ne
430 2382 514 2426 curn
545 2361 696 2427 solebat
727 2362 882 2444 quidem
915 2361 954 2425 id
985 2361 1122 2440 lacere,
1149 2360 1187 2424 in
1217 2361 1374 2445 privato

130 2490 162 2526 20
176 2466 312 2530 eodem
327 2465 399 2532 hoc
414 2465 564 2550 aliquid
573 2468 804 2550 profecerat.

220 2569 395 2653 Significat
425 2571 459 2634 id
490 2580 622 2655 tempus
652 2575 719 2653 q'uo
747 2572 782 2635 Ρ.
811 2571 954 2644 Clodius,
981 2592 1053 2634 cum
1082 2571 1192 2634 adhuc
1219 2557 1376 2652 quaestor

177 2674 371 2758 designatus
392 2684 489 2756 esset,
503 2676 676 2759 deprensus
697 2683 755 2752 est,
770 2696 846 2738 cum
868 2676 1021 2740 intrasset
1040 2697 1090 2751 e0,
1105 2675 1161 2738 ubi
1180 2673 1375 2740 sacrificium

177 2798 239 2863 pro
260 2775 265 2864 Ι
283 2778 409 2863 populo
426 2780 581 2844 Romano
596 2780 707 2845 fiebat.
752 2778 853 2863 Quod
874 2779 997 2845 lactum
1018 2789 1171 2844 notatum
1189 2789 1260 2844 erat
1273 2781 1427 2864 gravina

179 2882 213 2948 S.
231 2880 281 2960 C,
295 2884 530 2968 decretumque
545 2894 640 2949 extra
656 2883 806 2962 ordinem
821 2883 861 2947 de
874 2904 912 2947 ea
926 2903 963 2947 re
977 2882 1134 2948 iudicium
1150 2882 1253 2948 fieret.

179 3174 224 3218 not
242 3173 310 3218 enter
326 3168 423 3218 Rome:
446 3167 477 3218 cl
492 3167 545 3217 Dio
562 3165 592 3218 C.
611 3167 646 3217 xl.
663 3179 696 3230 50
711 3165 756 3229 ἔξω
802 3165 986 3231 voring-power
1001 3183 1052 3216 was
1068 3165 1217 3217 diminished
1235 3167 1269 3231 by
1279 3183 1294 3216 a
1305 3165 1379 3216 series

179 3232 357 3296 τοῢπωμηρίου
373 3233 431 3296 πρὸς
447 3234 483 3295 τῷ
500 3231 593 3295 θεάτρῳ
607 3233 683 3282 αὐτοῦ
701 3269 707 3282 .
725 3267 756 3283 ..
803 3233 832 3283 oi
850 3233 1007 3285 restrictions.
1042 3234 1071 3282 In
1096 3232 1143 3298 169
1163 3244 1218 3283 ac.
1238 3233 1296 3295 they
1315 3248 1380 3284 were

178 3298 347 3362 ἠθροίσθησαν.
803 3299 863 3361 only
874 3297 980 3347 allowed
991 3305 1019 3348 to
1030 3305 1088 3348 vote
1099 3299 1125 3348 in
1137 3314 1184 3348 one
1195 3299 1249 3362 city>
1256 3298 1327 3358 tribe,
1337 3298 1380 3348 the

216 3379 254 3414 10.
279 3371 370 3414 olunt·
386 3368 530 3414 tabem:
548 3363 579 3414 cf.
599 3364 646 3414 Ac.
663 3362 690 3413 ii.
710 3377 758 3426 144
804 3363 940 3429 Esquiline,
953 3363 1037 3414 which
1047 3380 1099 3414 was
1111 3364 1202 3414 chosen
1214 3365 1247 3428 by
1255 3363 1300 3414 lot.
1317 3363 1380 3413 This

180 3429 327 3508 qtscditr'osi
336 3429 438 3479 tribuni
447 3429 531 3491 solent,
539 3428 634 3479 occludi
643 3429 758 3478 tabernas
804 3430 961 3507 represented
990 3446 1005 3478 a
1032 3430 1208 3507 compromise,
1236 3428 1317 3506 since·
1332 3444 1380 3478 one

181 3496 361 3611 'difidit
374 3497 514 3626 latta,
532 3559 603 3609 u...
622 3564 758 3635 ..man-
804 3493 1381 3625 intitul.tthptttttt.it⁰⁶tttalltli

182 3625 238 3704 ing·
251 3641 319 3703 upon
342 3626 385 3703 the
407 3627 497 3704 speech
519 3625 547 3675 de
569 3641 625 3675 aere
646 3626 680 3676 al.
705 3625 758 3675 Mt·
805 3626 836 3702 82}
850 3636 873 3673 R.
882 3636 905 3674 e.
918 3626 1042 3702 proposed
1054 3632 1081 3675 to
1092 3626 1172 3676 admit
1184 3624 1252 3676 them
1261 3625 1331 3704 toall
1339 3624 1383 3676 the

182 3690 400 3872 patula
414 3692 509 3822 {aar
525 3691 760 3814 tt.rr⁵?²r.²..e÷
804 3690 1384 3871 aad,teggppfjuagthtger

230 3857 237 3870 ,
806 3836 887 3870 rewve
916 3837 941 3869 ur
1014 3838 1031 3886 y
1072 3838 1111 3871 am
1124 3837 1209 3882 maan
1238 3838 1322 3873 nowa
1339 3837 1383 3872 vo·

184 3900 282 4068 pidiffi
283 3893 325 4002 li
326 3885 761 4068 iffiii1iuffssig⁰ehi¹l3llal532i
806 3886 1384 4070 ξὲἑὶῗέἧῖῗοῗζὶλὲῑὼωῗξω·

195 4035 226 4067 an
282 4034 355 4082 eyvo
410 4033 435 4066 m
474 4033 530 4067 en
563 4034 626 4075 san
654 4021 760 4082 iqua·
842 4025 1031 4075 21.qumtor
1117 4027 1237 4078 mm:
1312 4018 1384 4069 onius

184 4082 235 4200 li?
247 4085 389 4199 tzitta?
408 4083 434 4197 l
451 4081 765 4213 tardabitis?
806 4083 1125 4211 {millimihi
1138 4085 1385 4214 ‘inhianti

187 4227 234 4278 312
257 4226 325 4275 ne„
354 4218 398 4277 put
445 4214 547 4263 eedmen
573 4213 678 4264 without
702 4212 761 4262 land
807 4212 919 4272 ordered,
931 4212 1009 4278 before
1019 4214 1050 4264 he
1061 4215 1162 4265 entered
1173 4231 1240 4281 upon
1251 4215 1290 4265 his
1305 4213 1385 4265 office.

185 4281 239 4330 into
261 4279 303 4329 the
321 4278 405 4335 tribes,
427 4279 476 4328 and
498 4279 556 4330 then
579 4278 712 4342 according
734 4285 761 4327 to
808 4277 851 4327 He
865 4277 958 4339 would,
969 4279 1089 4339 however,
1106 4281 1209 4331 become
1225 4287 1339 4346 quaestor
1352 4294 1386 4330 on

185 4359 272 4395 means
293 4344 347 4393 into
365 4344 408 4395 the
425 4344 619 4409 corresponding
634 4345 762 4394 centuries.
807 4343 870 4393 Dec.
884 4357 906 4406 5,
918 4344 962 4394 the
979 4344 1028 4408 day
1044 4345 1106 4394 aiter
1124 4345 1179 4395 that
1196 4362 1229 4396 on
1245 4345 1327 4396 which
1342 4344 1386 4397 the

186 4411 371 4539 ww}
379 4409 762 4541 gppftreervarffiphbpgogaplixpisg
807 4408 966 4532 pfifeprgeewps
976 4409 1001 4458 in
1013 4409 1048 4459 all
1059 4411 1213 4477 probability
1224 4411 1386 4464 committed:

767 4568 819 4623 12
