2926 4928
185 306 251 374 126
401 307 570 374 SCHOL.
600 307 707 373 BOB.
738 305 797 371 IN
824 305 897 370 ΟΕ.
928 304 1027 369 PRO
1056 302 1156 368 MIL.

183 484 230 547 M.
246 472 397 550 Antonio
416 484 508 568 quod
524 485 579 559 ait,
595 493 629 548 et
645 483 679 546 in
696 481 866 567 Filippicis
886 480 1032 546 secunda
1047 480 1197 545 oratione
1211 479 1277 544 hoc
1294 478 1382 543 idem

181 596 386 654 contestatur
407 587 459 652 his
482 596 519 653 ut
541 588 658 672 opinor
679 586 808 651 verbis:
838 587 1016 669 ‘quidnam
1038 583 1191 648 homines
1214 592 1382 668 putarent,

181 691 208 756 si
229 700 302 755 tum
325 692 451 757 occisus
474 700 569 766 esset,
586 711 662 755 cum
684 700 721 756 tu
744 689 836 754 illum
861 690 895 753 in
919 688 1001 763 foro,
1025 688 1232 771 inspectante
1257 684 1383 772 populo

182 795 344 873 Roman0,
359 794 473 878 gladio
496 795 662 859 insecutus
685 816 729 874 es,
745 794 981 876 negotiumque
1001 791 1225 875 transegisses,
1242 791 1306 855 nisi
1330 789 1385 854 ille

180 899 214 961 in
230 898 336 963 scalas
350 900 509 963 tabernae
524 897 677 963 librariae
691 918 728 962 se
741 897 959 963 coniecisset.
1004 944 1012 960 .
1057 945 1066 962 .
1109 893 1126 960 .'
1398 918 1412 968 5

225 1026 242 1109 ξ
272 1040 323 1109 47.
362 1027 484 1093 Scitis
513 1027 643 1106 fuisse,
674 1026 742 1110 qui
771 1026 809 1090 in
840 1024 912 1090 hac
945 1024 1152 1107 rogatione
1181 1024 1384 1088 suadenda

179 1129 339 1209 diceret,
370 1130 531 1194 Milonis
572 1151 685 1195 manu
721 1130 879 1195 caedem
915 1150 1001 1193 esse
1032 1128 1185 1207 saetam,
1216 1129 1385 1194 consilio

179 1253 273 1297 vero
304 1233 460 1298 maioris
492 1233 667 1298 alicuius.

225 1344 405 1429 Interrupit
428 1347 649 1410 exsecutionis
670 1364 802 1409 cursum
826 1344 915 1411 facta
937 1391 945 1408 .
968 1395 975 1410 .
1001 1392 1009 1410 .
1033 1355 1168 1430 propter
1188 1367 1285 1411 suam
1310 1366 1384 1429 per·

180 1469 306 1528 sonam,
330 1451 373 1516 de
395 1471 461 1534 qua
483 1450 653 1514 infamiam
676 1457 839 1528 severant,
866 1449 960 1532 quasi
983 1460 1100 1516 auctor
1123 1459 1158 1515 et
1179 1450 1385 1515 consiliarius
1400 1479 1427 1515 10

182 1550 299 1615 Miloni
312 1551 427 1618 fuisset
439 1554 472 1617 in
487 1574 600 1618 necem
614 1553 733 1619 Clodii.
768 1551 843 1616 Hoc
859 1551 1051 1617 brevissime
1067 1562 1198 1636 purgat,
1211 1554 1239 1617 si
1255 1562 1386 1620 constet

181 1657 297 1721 nonin
312 1658 365 1721 via
381 1658 538 1734 futurum,
554 1659 613 1722 sed
631 1658 737 1740 magis
752 1657 785 1720 in
800 1657 938 1721 Albano
954 1657 1053 1722 fuisse
1069 1679 1272 1724 mansurum.

224 1785 309 1869 §49
334 1788 501 1850 Primum
524 1786 621 1850 nihil
644 1795 729 1851 erat
751 1805 818 1850 cur
839 1796 1048 1868 properato
1070 1808 1168 1870 opus
1185 1797 1305 1860 esset.

223 1901 375 1966 Verbum
398 1902 461 1967 hoc
484 1903 684 1988 properandi
706 1923 774 1968 non
796 1923 870 1966 sum
894 1903 1022 1968 nescius
1045 1912 1127 1988 aput
1149 1905 1317 1989 quosdam
1336 1905 1384 1968 in-

89 2061 91 2066 .
181 2005 370 2071 differenter
389 2007 503 2091 accipi,
520 2028 558 2070 ac
581 2007 690 2071 solere
711 2012 814 2071 unu'm
836 2007 941 2071 videri
962 2007 1117 2072 festinare
1138 2018 1173 2074 et
1195 2030 1385 2092 properare.
1400 2029 1426 2102 15

180 2109 302 2174 Visum
332 2120 382 2176 est
413 2111 514 2192 igitur
544 2111 626 2174 mihi
656 2120 793 2196 propter
822 2131 889 2189 eos,
919 2112 1039 2194 quibus
1068 2112 1203 2197 aliquod
1235 2115 1385 2180 studium

181 2214 311 2298 proprie
336 2214 493 2297 loquendi
521 2225 579 2292 est,
602 2224 737 2281 auctore
762 2214 836 2300 ipso
861 2215 909 2278 M.
934 2214 1063 2281 Catone
1087 2217 1170 2282 haec
1192 2219 1296 2283 verba
1319 2219 1386 2284 dis·

181 2319 350 2400 tinguere:
373 2319 497 2402 quippe
518 2318 600 2383 aliut
622 2338 694 2383 esse
716 2338 901 2402 properare,
924 2318 1007 2384 aliut
1030 2319 1195 2395 festinare,
1219 2322 1291 2405 ipse
1315 2343 1386 2397 nos,

183 2429 220 2485 ut
253 2423 415 2500 dicebam,
446 2421 532 2487 Cato
567 2422 684 2488 docuit
716 2423 749 2486 in
782 2423 940 2502 oratione,
975 2444 1062 2506 quae
1097 2425 1284 2504 inscribitur
1314 2433 1383 2490 ‘DE

181 2538 347 2589 vucTuTu
363 2539 435 2591 sun
451 2511 604 2590 conum
619 2524 833 2592 Tunuuuu!
878 2527 961 2590 Eius
977 2528 1078 2610 igitur
1092 2529 1192 2592 verba
1208 2549 1387 2612 ponamus,
1400 2547 1429 2582 πο

181 2628 238 2712 qui
252 2628 299 2692 sic
314 2629 379 2693 ait:
402 2634 502 2693 ‘unu
523 2643 640 2695 nurus
658 2643 885 2708 moreremur,
901 2645 1018 2697 Arnus
1038 2645 1260 2696 Fusrmnuu.
1309 2631 1385 2716 Qm

183 2746 294 2798 uuum
311 2746 492 2809 Quououu
514 2747 672 2798 urruns
695 2747 909 2812 Tunusrcm,
925 2748 1138 2802 murman:
1162 2750 1229 2815 Qur
1250 2751 1387 2804 numa

183 2849 299 2902 suum
314 2850 455 2901 mcum
470 2851 599 2914 unque
615 2851 798 2917 eunucu,
813 2837 1018 2904 ausuum!

227 2966 244 3050 q
281 2983 353 3030 102.
400 2964 505 3048 Quid
545 2967 791 3050 respondebo
829 2967 964 3034 liberis
1002 2968 1120 3035 meis?
1171 2971 1263 3054 quid
1301 2971 1386 3052 tibi,

183 3068 331 3152 Quinte
352 3069 497 3134 frater?
1400 3100 1428 3151 ²5

227 3189 516 3273 Opportunissime
546 3189 710 3255 fortunam
743 3191 878 3256 Milonis
905 3213 964 3276 per
993 3204 1101 3261 totam
1124 3196 1261 3262 domum
1290 3219 1388 3265 suam

183 3292 410 3377 familiamque
431 3294 665 3374 communicat,
688 3304 726 3359 ut
752 3307 955 3380 congregata
982 3319 1041 3380 per
1067 3300 1189 3366 multos
1216 3301 1387 3368 miseratio

184 3399 291 3482 magis
310 3407 519 3462 commoveat
539 3397 700 3463 adfectus.
746 3400 863 3464 Frater
882 3410 996 3465 autem
1012 3402 1179 3469 Ciceronis
1195 3404 1235 3488 Q.
1252 3405 1387 3473 Tullius

183 3502 349 3585 legatione
364 3511 443 3566 tunc
458 3503 491 3565 in
507 3501 615 3566 Gallia
630 3511 711 3584 aput
726 3504 910 3568 exercitum
927 3504 1077 3571 Caesaris
1089 3508 1298 3591 fungebatur.

229 3630 246 3714 q
268 3641 336 3709 105.
358 3630 439 3693 Vos
466 3652 533 3694 oro
567 3630 831 3715 obtestorque,
865 3633 1024 3714 iudices,
1046 3643 1088 3699 ut
1114 3635 1152 3701 in
1174 3641 1432 3705 sententiisao

185 3734 355 3798 ferundis
378 3734 482 3815 quod
505 3735 698 3810 sentiatis,
720 3734 758 3798 id
781 3735 968 3802 audeatis.

227 3854 415 3919 Destiturus
437 3863 548 3918 orator
569 3854 614 3919 ibi
641 3853 741 3918 finem
768 3856 888 3939 posuit,
912 3858 968 3922 ubi
992 3859 1139 3924 maxime
1162 3862 1387 3927 necessarium

182 3954 365 4030 videbatur,
381 3974 422 4016 ne
437 3954 561 4018 iudices
576 3954 609 4017 in
624 3955 871 4038 pronuntiando
888 3958 1085 4042 Pompeium
1105 3958 1268 4038 timerent,
1284 3982 1388 4045 quem

183 4067 392 4144 praesentem
407 4065 568 4121 verentur.
