2926 4928
439 329 497 393 IN
525 329 598 395 OR.
622 329 722 394 PRO
750 329 950 396 MILONE.
1236 349 1296 397 121

144 505 185 568 ib.
208 504 331 589 Atqui
355 505 388 569 si
412 513 567 587 tempus
592 513 651 568 est
675 503 795 569 ullum
820 505 902 569 iure
929 505 1099 571 hominis
1126 506 1299 570 necandi.

144 616 348 682 Pertinenter
363 626 397 680 et
413 617 480 682 cito
496 637 515 680 a
530 636 651 700 genere
670 617 714 680 ad
732 617 876 698 speciem
896 617 1067 702 prolapsus
1082 627 1140 695 est,
1156 618 1218 682 hoc
1233 619 1299 683 iam

31 804 34 813 Ι
99 719 350 785 confirmaturus
366 721 430 784 alio
449 719 606 803 exemplo
627 729 660 784 et
678 720 833 797 iudicat0,
849 720 1075 785 insidiatorem
1092 722 1126 787 P.
1145 720 1300 785 Clodium

99 822 236 887 interfici
266 846 287 888 a
320 824 447 888 Milone
475 825 634 907 potuisse,
663 824 798 906 quando
831 825 931 888 etiam
962 824 1056 889 miles
1088 825 1121 888 in
1152 825 1299 911 exercitu

70 948 84 997 5
100 925 136 992 C.
153 926 239 992 Mari
255 929 297 992 de
314 928 436 992 tribuni
452 928 501 990 sui
517 927 771 1010 interemptione
787 927 955 991 confessus
975 929 1181 1012 imperatoris
1198 929 1300 1012 ipsius

98 1032 220 1095 iudicio
246 1031 402 1096 liberatus
432 1032 484 1097 sit.
530 1033 609 1096 Fuit
635 1041 748 1096 autem
775 1031 812 1096 C.
842 1031 961 1095 Lusius
984 1031 1135 1096 tribunus
1158 1033 1300 1099 militurn

99 1136 219 1199 sororis
246 1136 330 1199 filius
355 1135 392 1200 C.
417 1135 512 1214 Mari,
536 1137 592 1219 qui
621 1135 711 1199 bello
742 1135 909 1201 Cimbrico
940 1136 974 1200 P.
1001 1136 1205 1201 Trebonium
1233 1137 1301 1202 sive

98 1238 296 1303 Arruntium
316 1240 457 1304 militem
481 1260 578 1305 suurn
599 1239 724 1304 liberali
747 1239 829 1303 facie
847 1239 1044 1324 praeditum,
1058 1261 1160 1322 quum
1179 1241 1301 1325 partim

97 1343 256 1408 minando
283 1344 403 1428 partim
435 1344 583 1427 praemio
609 1344 778 1408 offerendo
805 1343 847 1407 ad
878 1363 1072 1408 consensum
1096 1345 1202 1428 stupri
1232 1364 1301 1410 non

52 1471 84 1508 10
97 1447 260 1528 potuisset
289 1447 429 1523 inlicere,
459 1457 557 1513 nocte
584 1447 783 1532 intempesta
813 1467 875 1531 pro
904 1455 1071 1530 potestate
1095 1447 1205 1513 vocari
1229 1497 1237 1513 .
1259 1493 1300 1513 ..

97 1550 239 1614 eundem
262 1551 364 1615 iussit.
412 1551 473 1614 Ille
495 1570 629 1614 causam
652 1551 845 1634 suspicatus.

140 1686 465 1770 §12.Declarant
490 1687 604 1753 huius
629 1688 801 1753 ambusti
829 1686 979 1752 tribuni
1006 1687 1055 1771 pl.

139 1789 255 1856 Titum
272 1792 460 1856 Munatium
477 1791 635 1856 Plancum
651 1790 826 1873 significari
846 1790 1057 1856 manifestum
1074 1799 1133 1869 est,
1149 1790 1192 1856 de
1208 1791 1301 1856 cuius

96 1895 305 1961 contionibus
334 1895 479 1978 querulis
505 1905 539 1959 et
564 1895 732 1960 invidiosis
759 1893 840 1959 illud
868 1893 1041 1958 confirmat
1072 1905 1192 1974 orator,
1216 1896 1301 1961 adeo

52 2019 81 2067 ¹5
97 1998 284 2063 universum
310 2008 461 2064 senatum
493 1999 612 2063 Miloni
642 1998 768 2078 favisse,
794 2006 831 2061 ut
861 1998 904 2062 de
930 1998 1080 2081 potentia
1106 1999 1207 2062 nimia
1234 1999 1301 2064 sive

96 2104 203 2184 gratia
220 2102 387 2168 Ciceronis
405 2104 494 2166 idem
513 2103 665 2168 tribunus
682 2101 724 2185 pl.
741 2102 774 2166 in
798 2103 954 2166 contione
975 2112 1183 2186 quereretur;
1207 2104 1302 2187 quasi

96 2226 137 2270 eo
152 2206 252 2271 dante
267 2227 402 2289 operam
419 2206 521 2282 fieret,
533 2216 570 2271 ut
586 2205 762 2289 proclivior
779 2215 913 2270 senatus
928 2215 1015 2270 esset
1031 2207 1074 2270 ad
1086 2206 1300 2272 'liberandum

97 2309 268 2375 Milonem.
316 2310 416 2374 Hunc
439 2331 516 2374 vero
539 2310 729 2375 ambustum
752 2310 921 2374 tribunum
945 2308 989 2392 pl.
1014 2319 1189 2394 eapropter
1213 2310 1301 2390 dicit,
1361 2306 1366 2312 ’

96 2415 185 2497 quod
209 2423 266 2478 aut
287 2414 391 2479 videri
414 2414 477 2478 hoc
496 2413 577 2478 velit
599 2413 673 2497 ipso
696 2414 872 2497 instigante
895 2414 1063 2478 incensam
1086 2413 1218 2488 curiam,
1243 2423 1301 2479 aut

51 2537 82 2572 20
96 2518 238 2582 eundern
262 2517 408 2582 ardentis
429 2518 538 2582 curiae
560 2517 712 2581 incendio
732 2538 803 2582 esse
823 2517 1027 2591 deterritum,
1043 2517 1218 2600 quominus
1243 2518 1300 2583 diu

96 2623 355 2686 concionaretur.
416 2622 463 2685 Et
498 2621 596 2705 plane
628 2668 635 2684 .
667 2669 675 2687 .
707 2668 714 2684 .
744 2621 833 2705 quod
868 2623 1013 2704 sequitur
1043 2621 1301 2686 ‘intermortuae

96 2725 284 2805 contiones‚'
302 2746 384 2809 quas
402 2725 559 2808 suspicari
579 2745 756 2808 possumus
774 2734 1002 2791 consternatas
1020 2725 1189 2789 vicinitate
1207 2725 1301 2790 flam-

97 2849 235 2894 marum.

141 2958 158 3042 p
173 2978 221 3045 13.
239 2958 356 3024 Cuius
369 2960 469 3024 enim
483 2961 528 3025 de
543 2959 696 3024 incestu
712 2968 848 3044 stupro
865 2957 1051 3023 iudicium
1065 2957 1300 3022 decernendi

51 3082 80 3132 25
96 3063 250 3127 senatui
273 3073 452 3147 potestas
475 3075 579 3129 esset
601 3071 748 3147 erepta,
764 3063 811 3128 de
833 3061 916 3126 eius
938 3060 1104 3127 interitu
1127 3061 1213 3144 quis
1236 3083 1300 3147 po·

95 3174 173 3230 test
202 3168 371 3247 credere,
397 3177 574 3233 senatum
600 3166 787 3232 iudicium
811 3186 954 3231 novum
981 3165 1299 3231 constituendum

94 3277 279 3354 putasse?

139 3381 214 3446 Hoc
230 3381 360 3449 firmare
375 3384 544 3448 contendit
559 3404 618 3467 per
632 3382 853 3447 coniecturam
870 3380 913 3444 de
928 3379 1041 3444 animo
1059 3387 1203 3456 senatus,
1218 3379 1299 3443 nihil

94 3475 171 3550 curn
191 3488 233 3551 ad
256 3487 479 3552 ulciscendum
503 3498 645 3554 mortem
666 3488 700 3552 P.
718 3486 814 3551 Clodi
837 3485 1019 3549 voluntatis
1041 3483 1207 3548 habuisse.
1254 3484 1301 3548 Et

50 3611 83 3660 30
95 3601 133 3656 ut
163 3593 270 3674 magis
303 3613 379 3657 eum
411 3601 571 3676 gravaret,
601 3591 657 3674 qui
689 3591 908 3671 interemptus
942 3596 1003 3663 est,
1033 3585 1226 3668 exemplum
1257 3588 1300 3651 de

95 3695 285 3759 criminibus
310 3696 378 3760 eius
402 3695 606 3779 adsumpsit3
634 3694 725 3777 quod
748 3712 823 3758 cum
845 3693 930 3756 intra
951 3691 1165 3755 caerimonias
1188 3691 1300 3755 Bonae

95 3797 190 3863 Deae
212 3799 374 3864 incestum
396 3820 471 3865 cum
496 3797 663 3883 pontificis
686 3818 791 3861 uxore
813 3796 952 3872 fecisset,
969 3794 1050 3857 nihil
1073 3814 1178 3859 novae
1200 3815 1299 3878 quae·

94 3903 210 3968 stionis
230 3905 376 3987 potuerit
396 3914 530 3968 senatus
554 3922 694 3980 cernere,
711 3922 786 3966 cum
806 3899 869 3964 hoc
889 3901 1035 3964 maxime
1058 3897 1178 3975 vellet;
1204 3899 1250 3962 ita
1265 3901 1298 3961 in
1372 3930 1376 3935 ·

94 4007 157 4071 hac
175 4016 271 4089 parte
293 4005 415 4071 nullius
435 4027 507 4071 esse
527 4005 703 4071 confirmat
724 4006 803 4069 iuris
818 4004 945 4068 scilicet
960 4003 1206 4067 auctoritatem.
1252 4002 1300 4066 Et

50 4127 81 4179 35
95 4109 203 4175 adhuc
218 4110 297 4176 odio
312 4112 449 4195 dignum
465 4110 543 4176 iacit
558 4131 644 4186 eum,
660 4111 716 4192 qui
732 4111 775 4174 de
791 4109 916 4172 incesto
932 4107 1031 4171 suerit
1046 4104 1186 4169 infamis.

138 4241 179 4307 ib.
203 4241 279 4306 Cur
305 4241 424 4324 igitur
454 4240 674 4305 incendium
706 4239 846 4316 curiae,
875 4236 1210 4321 oppugnationem
1240 4253 1299 4298 ae·

94 4348 200 4411 dium
227 4346 275 4410 M.
302 4345 452 4429 Lepidi,
468 4345 625 4409 caedem
656 4354 814 4407 senatus
838 4351 972 4406 contra
995 4359 1073 4402 rem
1101 4358 1132 4420 p.
1156 4336 1297 4401 saetam

66 4517 68 4521 .
94 4471 181 4516 esse
203 4450 399 4515 decrevit?
