2926 4928
429 332 529 397 PRO
562 331 595 398 T.
626 331 786 397 ANNIO
814 332 1013 399 MILONE.
1282 347 1320 395 11

120 506 205 570 versi
228 505 359 587 ordinis,
381 528 480 590 quam
505 529 565 573 nec
587 508 696 573 tacitis
719 529 779 572 nec
799 509 954 574 occultis!
993 508 1138 591 Quando
1155 509 1243 573 enim
1260 508 1321 573 ire·

121 612 336 693 quentissimo
351 623 467 676 senatu
483 623 640 694 quattuor
659 622 717 676 aut
736 634 902 677 summum
923 613 1070 696 quinque
1090 623 1167 676 sunt
1188 613 1322 689 inventi,

121 715 179 797 qui
203 715 339 779 Milonis
362 736 496 779 causam
521 737 587 781 non
610 719 811 800 probarent?
849 718 1029 783 Declarant
1054 719 1150 782 huius
1176 718 1322 782 ambusti

122 827 162 881 tr.
190 819 234 902 pl.
262 818 337 882 illae
363 821 600 885 intermortuae
626 823 806 898 contiones,
833 822 952 903 quibus
979 822 1100 887 cotidie
1128 843 1234 885 meam
1262 843 1322 904 po-

93 924 260 991 5tentiam
281 924 440 988 invidiose
461 925 703 1002 criminabatur,
725 946 798 988 cum
822 926 945 990 diceret
967 936 1119 989 senatum
1142 945 1209 988 non
1231 926 1321 1008 quod

122 1028 267 1104 sentiret,
296 1030 354 1092 sed
384 1029 474 1111 quod
506 1049 568 1111 ego
597 1021 717 1093 vellem
751 1032 937 1094 decernere.
1002 1029 1098 1112 Quae
1128 1030 1261 1111 quidem
1294 1029 1321 1091 si

122 1131 270 1213 potentia
294 1142 345 1196 est
371 1132 571 1214 appellanda
601 1134 712 1215 potius
744 1153 844 1214 quam
871 1142 1007 1217 propter
1041 1154 1163 1216 magna
1192 1133 1224 1194 in
1252 1152 1321 1195 rem

122 1234 288 1316 publicam
305 1238 422 1299 merita
439 1239 612 1301 mediocris
629 1239 660 1300 in
677 1237 771 1300 bonis
791 1238 897 1301 causis
915 1238 1095 1301 auctoritas
1115 1247 1172 1300 aut
1188 1246 1324 1319 propter

122 1337 184 1402 hos
210 1339 373 1403 officiosos
399 1339 529 1405 labores
557 1361 648 1404 meos
672 1361 738 1404 non
762 1341 851 1403 nulla
874 1342 962 1422 apud
988 1342 1094 1404 bonos
1118 1340 1236 1424 gratia,
1262 1360 1321 1422 ap·

78 1465 109 1499 10
123 1440 263 1522 pelletur
276 1442 322 1505 ita
337 1463 424 1519 sane,
441 1444 522 1507 dum
539 1447 641 1508 modo
661 1464 700 1507 ea
720 1465 779 1508 nos
800 1454 932 1508 utamur
952 1464 1013 1527 pro
1032 1443 1139 1508 salute
1160 1447 1322 1508 bonorum

57 1574 95 1641 4.
123 1554 235 1610 contra
250 1548 429 1611 amentiam
445 1550 657 1632 perditorum.
705 1548 804 1611 Hanc
819 1569 897 1611 vero
915 1549 1154 1631 quaestionem,
1171 1549 1233 1612 etsi
1255 1567 1321 1610 non
1334 1559 1367 1606 1³

123 1659 173 1714 est
186 1651 306 1732 iniqua,
318 1672 499 1734 numquam
512 1662 624 1715 tamen
637 1662 772 1715 senatus
783 1652 1049 1716 constituendam
1062 1652 1190 1734 putavit
1202 1675 1209 1727 3
1229 1661 1322 1715 erant

124 1755 211 1818 enim
227 1753 326 1838 leges,
343 1766 434 1819 erant
450 1756 660 1838 quaestiones
673 1756 725 1819 vel
741 1757 783 1820 de
804 1757 905 1820 caede
921 1756 972 1819 vel
990 1758 1033 1819 de
1050 1756 1091 1830 vi,
1113 1776 1172 1819 nec
1191 1764 1321 1819 tantum

168 1987 191 2024 1.
214 1975 297 2025 enim:
324 1976 401 2024 ctiam
419 1976 532 2035 Emesti;
563 1977 664 2042 quidem
686 1976 775 2026 Heine.
945 1990 968 2025 a.
986 1983 1029 2024 aut
1048 1992 1172 2025 summum
1193 1975 1257 2025 HE:
1289 1976 1326 2025 ad

122 2055 249 2088 susurnam
262 2042 312 2091 Ta:
330 2057 457 2090 summum
469 2042 519 2091 del.
531 2043 625 2108 Lange.
769 2055 793 2106 5.
811 2041 892 2106 qnod:
909 2057 973 2106 quae
986 2042 1021 2102 H,
1033 2043 1086 2106 ipse
1100 2048 1157 2105 past
1168 2042 1235 2106 quod
1247 2041 1322 2092 inser.

123 2105 238 2156 Kraffert.
344 2108 367 2156 8.
385 2118 427 2156 aut
439 2123 486 2157 ana.
506 2109 542 2158 H.
651 2120 692 2157 11.
707 2109 858 2157 contratavit
869 2108 958 2175 T,¹am.
970 2109 1103 2157 amentiam
1118 2143 1124 2156 .
1138 2144 1144 2156 .
1158 2144 1164 2156 .
1177 2124 1219 2172 pu.

158 2320 179 2356 1.
208 2312 301 2357 emm:
330 2308 373 2356 the
398 2307 511 2373 repeated
538 2309 607 2359 enim
635 2309 697 2359 after

122 2371 236 2436 quatiens
251 2372 321 2422 enim
340 2373 387 2422 has
404 2376 476 2437 given
495 2374 596 2425 offence.
640 2375 696 2424 The

123 2438 224 2498 clauses,
242 2437 365 2499 however,
382 2456 424 2489 are
443 2447 487 2489 not
505 2441 611 2504 parallel
627 2457 696 2501 ones,

123 2503 188 2553 since
200 2504 313 2567 quatiens
322 2505 390 2553 enim
401 2505 422 2553 is
434 2506 610 2569 exclamatory,
622 2507 697 2554 while

122 2570 222 2634 quanda
234 2569 302 2618 enim
316 2570 337 2619 is
352 2571 534 2634 interrogative.
569 2571 608 2622 Cf.
621 2573 696 2621 Tusc.

122 2636 158 2684 D.
182 2635 207 2683 ii.
231 2635 272 2696 58,
294 2635 342 2684 Ac.
364 2637 390 2684 ii.
417 2639 473 2686 108.
513 2637 543 2685 In
570 2637 630 2686 Nat.
661 2638 694 2686 D.

122 2700 139 2748 i.
173 2699 202 2749 16
236 2708 285 2749 tres
311 2700 381 2749 enim
408 2702 482 2750 trium
510 2702 696 2765 disciplinarum

122 2766 246 2829 principes
268 2768 430 2825 convenistis;
456 2768 492 2815 M.
513 2768 581 2816 anim
601 2768 659 2818 Piso
677 2769 698 2816 si

123 2832 217 2879 adesset
238 2832 330 2879 nullius
352 2833 584 2897 philosophiae...
599 2840 698 2883 vacaret

122 2896 201 2956 locus,
223 2897 296 2945 Miill.
314 2898 386 2948 reads
405 2899 441 2948 M.
459 2907 542 2947 autem
560 2899 626 2958 Piso,
648 2900 697 2948 and

123 2977 139 3010 a
158 2961 253 3012 similar
271 2962 400 3012 alteration
418 2964 497 3027 might
518 2965 548 3013 be
567 2965 698 3029 suggested

123 3027 188 3077 here.
216 3027 271 3076 The
279 3028 408 3077 confusion
417 3030 446 3078 os
452 3031 520 3078 enim
529 3031 667 3079 nudantem
676 3032 699 3079 is

122 3100 167 3141 not
177 3108 326 3142 nncommon
336 3094 361 3142 in
370 3094 444 3144 MSS.
471 3095 516 3144 See
524 3096 595 3155 RH„
604 3112 628 3160 p.
642 3097 697 3157 284.

158 3173 179 3208 2.
202 3173 359 3207 mmmm:
385 3161 416 3210 ct'.
441 3160 509 3220 §26,
535 3161 634 3223 Quinct.
657 3163 695 3225 78,

123 3224 191 3273 Verr.
203 3223 231 3272 ii.
245 3236 300 3288 129.
335 3225 391 3275 The
402 3227 543 3290 corruption
554 3227 590 3275 ad
603 3227 699 3276 forant

122 3291 144 3338 is
166 3306 182 3338 a
201 3291 296 3338 variant
318 3289 343 3339 in
360 3291 432 3341 other
451 3308 577 3356 passages,
596 3293 644 3342 due
670 3299 697 3343 to

122 3357 253 3419 ignorance
276 3356 305 3403 of
328 3356 370 3405 the
396 3359 570 3408 construction.
611 3358 697 3423 Lange

123 3421 247 3484 strangely
258 3429 369 3485 suspects
380 3438 515 3472 sunrmum.

157 3499 180 3546 3.
205 3491 363 3536 deomant:
391 3490 429 3537 for
450 3488 493 3538 the
515 3488 602 3552 ellipse
622 3489 651 3538 of
670 3490 700 3539 id

122 3551 153 3601 cl.
167 3551 231 3600 Phil.
244 3568 266 3602 v.
281 3567 313 3614 43
330 3569 380 3601 non
397 3553 464 3602 enim
481 3555 595 3602 omnibus
612 3555 697 3605 Sullae

122 3633 197 3666 causa
223 3627 301 3680 grata.
336 3619 457 3667 Declarat
483 3620 620 3670 multitudo
640 3637 696 3685 pro·

123 3683 277 3747 scriptorum,
291 3684 325 3732 ib.
339 3684 380 3732 xii.
397 3699 435 3747 24,
448 3685 493 3734 Ac.
506 3686 532 3735 ii.
547 3685 584 3734 16.

155 3754 294 3798 ananau:
312 3750 404 3799 Ascon.
417 3766 471 3813 says
487 3752 515 3799 ol
529 3751 559 3799 T.
570 3752 698 3801 Munatius

123 3814 229 3863 Plancus
241 3815 289 3863 and
299 3814 330 3878 Q.
341 3816 473 3879 Pompeius
481 3817 560 3864 Rufus
573 3817 626 3866 that
639 3817 698 3880 they

123 3886 188 3928 went
199 3895 231 3928 on
243 3880 395 3949 harenguing
404 3882 466 3930 until
476 3882 533 3945 they
542 3898 605 3932 were
612 3883 696 3932 driven

747 2309 887 2358 incendium
900 2346 905 2357 .
918 2344 925 2358 .
940 2314 1093 2358 semustum
1109 2308 1234 2372 effugisse;
1258 2309 1321 2360 Har.

747 2376 822 2438 Resp.
834 2391 850 2436 4
860 2375 1003 2423 anaburtum
1014 2375 1206 2438 religiosissimis
1224 2375 1324 2438 ignibus

747 2455 778 2489 ex
789 2441 865 2489 domo
875 2440 999 2505 pontificis
1008 2441 1111 2489 maximi
1123 2440 1246 2490 emissum.

780 2520 804 2568 4.
822 2512 1042 2555 intermortuae:
1080 2508 1124 2554 ie.
1151 2502 1323 2555 ‘dead-alive!

748 2571 822 2620 Inter
842 2571 867 2619 in
890 2571 940 2620 this
965 2572 1013 2619 and
1037 2572 1132 2620 similar
1154 2573 1242 2632 words,
1265 2587 1286 2621 e.
1296 2587 1322 2634 g.

748 2637 902 2692 intcrarcsca,
922 2653 949 2686 as
969 2638 993 2685 in
1011 2637 1085 2687 Tnsc.
1106 2639 1139 2687 D.
1160 2653 1183 2686 v.
1206 2650 1236 2685 10
1259 2637 1322 2685 nihil

749 2702 932 2761 interar‘asccrc,
951 2702 1013 2750 nihil
1037 2703 1167 2766 exstingui,
1187 2702 1208 2750 is
1225 2702 1278 2751 said
1295 2711 1322 2752 to

748 2768 838 2831 signily
849 2767 891 2816 the
904 2768 1039 2832 ‘breaking
1055 2769 1085 2817 of
1098 2767 1243 2831 continuity,
1256 2784 1322 2833 espe-

748 2833 824 2895 cially
843 2834 876 2897 by
895 2833 986 2895 death,'
1005 2835 1088 2898 Roby,
1107 2848 1178 2897 1999.
1214 2835 1264 2882 For
1280 2834 1323 2883 the

748 2900 817 2946 word
836 2899 867 2947 cs.
891 2900 944 2947 Art.
967 2900 984 2949 i.
1010 2913 1048 2962 14.
1071 2916 1095 2964 4,
1119 2901 1184 2947 Mur.
1210 2898 1248 2956 16,
1272 2900 1321 2948 Pis.

751 2961 788 3012 16.
818 2964 847 3012 In
856 2965 909 3014 Au.
920 2965 945 3013 ii.
959 2980 994 3026 ¹9·
1007 2979 1030 3025 3,
1041 2981 1097 3012 cum
1109 2966 1214 3013 venisset
1226 2971 1323 3012 mortua
1355 3000 1358 3005 .

747 3029 844 3093 plausu,
864 3029 877 3078 I
897 3030 980 3078 would
1002 3031 1061 3079 read
1084 3031 1256 3090 intermortua,
1280 3030 1323 3079 the

748 3093 885 3157 conjecture
906 3095 935 3144 of
954 3096 1038 3145 Orelli.
1073 3097 1112 3145 cf.
1132 3095 1185 3144 also
1198 3095 1258 3145 Sest.
1276 3094 1322 3145 126

747 3160 876 3209 sentivivis
887 3161 996 3211 vocibus.

780 3231 937 3283 potentiam
948 3244 954 3275 :
972 3244 987 3275 a
994 3232 1063 3276 taunt
1072 3225 1209 3290 frequently
1217 3226 1321 3275 levelled

747 3297 773 3339 at
795 3291 890 3348 Cicero,
913 3308 942 3340 as
966 3292 1139 3354 browbeating
1160 3292 1202 3340 the
1230 3301 1322 3341 senate.
1362 3310 1368 3322 ·

748 3355 785 3406 Cf.
803 3358 858 3405 Au.
876 3357 891 3407 i.
917 3357 955 3406 16.
978 3371 1008 3407 10
1028 3373 1155 3423 quousque
1177 3395 1183 3407 .
1206 3393 1212 3407 .
1234 3357 1322 3407 .hnnc

747 3437 826 3485 regam
854 3421 974 3482 feremus3
1007 3423 1068 3472 Sull.
1100 3437 1128 3470 aa
1158 3439 1198 3472 me
1223 3424 1322 3472 tertium

746 3488 901 3551 peregrinum
914 3504 992 3552 regam
1004 3505 1056 3538 esse
1067 3488 1156 3536 dixisti.

782 3567 804 3615 5.
822 3560 895 3610 quod
917 3560 1054 3605 sentiret:
1089 3555 1131 3602 the
1159 3554 1275 3604 insertion
1297 3553 1326 3602 of

748 3617 806 3681 ipsa,
819 3634 846 3667 as
865 3621 989 3683 proposed
1007 3621 1040 3684 by
1055 3620 1171 3681 Kraffert,
1185 3621 1206 3668 is
1222 3620 1247 3668 in
1265 3634 1321 3668 con·

748 3683 850 3748 formity
856 3686 916 3734 with
926 3686 1072 3735 Ciceronian
1084 3686 1162 3733 idiom
1173 3702 1179 3734 t
1199 3686 1229 3734 cf.
1238 3686 1269 3733 de
1278 3685 1322 3734 Or.

748 3749 774 3798 ii.
788 3763 817 3811 41
837 3766 916 3814 neque
933 3766 991 3800 sane
1005 3752 1065 3817 quid
1084 3752 1133 3813 ipsc
1152 3752 1263 3807 sentiret,
1279 3751 1322 3799 sed

747 3816 808 3927 quid
822 3815 855 3863 ab
871 3817 931 3865 aliis
953 3817 1074 3867 diceretur
1091 3817 1214 3877 ostendit;
1234 3819 1267 3865 ib.
1286 3817 1321 3865 iii.

766 3891 796 3943 7;
814 3881 871 3930 Div.
886 3883 902 3930 i.
916 3896 954 3931 11.

123 3961 194 4008 away
215 3946 248 4008 by
270 3945 312 3994 the
335 3946 428 3996 flames.
470 3948 575 3996 Plancus
597 3950 618 3996 is
639 3948 698 3998 here
782 3956 804 4008 7.
818 3953 1196 4005 propter-...autumnum
1220 3946 1324 4010 Iprefer

123 4010 220 4074 singled
237 4017 281 4060 out
298 4011 330 4074 by
341 4012 429 4061 Cicero
445 4029 473 4062 as
483 4013 525 4062 the
536 4010 653 4077 ‘singed'
670 4029 699 4062 or
748 4017 776 4060 to
789 4012 848 4060 read
862 4020 909 4061 aut
924 4029 992 4073 once,
1005 4015 1071 4063 since
1084 4019 1131 4061 ant
1148 4049 1154 4063 .
1173 4049 1179 4062 .
1197 4049 1203 4061 .
1218 4020 1266 4061 ant
1281 4028 1323 4060 are

125 4077 253 4125 ‘roasted'
264 4078 368 4125 tribune.
402 4078 456 4128 The
467 4088 528 4128 term
545 4079 568 4128 is
578 4079 699 4144 specially
748 4077 929 4141 idiomatically
940 4080 1000 4127 used
1007 4089 1034 4128 to
1041 4080 1130 4128 denote
1138 4086 1189 4126 two
1201 4077 1322 4140 mutnally

124 4142 290 4205 appropriate,
302 4143 368 4191 since
384 4145 471 4192 ardere
486 4145 507 4192 is
522 4145 589 4192 osten
601 4145 660 4194 used
672 4143 702 4193 ol
748 4143 874 4193 exclusive
899 4143 1063 4203 alternatives,
1082 4160 1102 4193 e.
1111 4160 1136 4207 g.
1156 4144 1188 4192 N.
1202 4145 1235 4192 D.
1254 4144 1270 4193 i.
1292 4157 1322 4204 70

124 4207 270 4256 aseditioun
288 4208 393 4269 tribune,
405 4225 426 4258 e.
435 4225 459 4274 g.
473 4211 534 4259 Sest.
549 4210 595 4259 116
614 4212 640 4259 in
651 4209 699 4258 illo
748 4209 889 4258 autetiam
905 4217 1031 4261 autnon:
1056 4211 1110 4258 fat.
1132 4223 1161 4272 19
1181 4215 1227 4256 arat
1238 4225 1321 4258 verum

124 4272 226 4320 ardenti
239 4274 373 4322 tribunatu.
415 4275 439 4324 It
455 4276 508 4325 also
527 4283 640 4338 suggests
658 4276 699 4324 the
748 4279 796 4322 aut
806 4275 904 4323 falsum.
940 4276 1128 4336 Halm,feeling
1138 4275 1180 4323 the
1193 4274 1321 4336 difficulty,

124 4339 699 4401 comingtrialandcondemnationofPlancus;
748 4340 877 4390 remarked
899 4340 953 4390 that
974 4342 1037 4390 val.
1054 4378 1060 4390 .
1079 4378 1084 4389 .
1103 4340 1144 4388 vel
1161 4340 1242 4402 might
1264 4340 1321 4389 here

126 4404 155 4453 cf.
168 4403 222 4452 Liv.
232 4405 290 4453 xxii.
301 4418 340 4467 35.
352 4421 364 4453 2
378 4406 536 4456 damnatione
548 4407 662 4470 collegae
673 4414 699 4456 et
748 4404 811 4454 have
823 4407 885 4455 been
896 4406 963 4456 used.
998 4407 1044 4456 See
1056 4406 1168 4468 Madvig,
1180 4405 1236 4467 43⁶·

125 4485 170 4518 sua
178 4485 255 4535 prope
263 4470 407 4528 ambustus;
425 4471 699 4538 ib.4o.1sepopnlare
784 4484 821 4534 13,
837 4477 933 4532 leuen:
954 4488 988 4523 sc.
1005 4473 1045 4522 lex
1064 4472 1180 4522 Cornelia
1193 4471 1277 4521 Sullae
1291 4471 1321 4522 de
