2926 4928
291 1008 643 1104 scalocla
691 1012 1125 1108 Bourausm
1174 1014 1254 1107 ru
1363 1027 1366 1032 ·

450 1204 568 1299 ou.
617 1205 760 1299 PRO
810 1184 1133 1302 Minoum

225 1523 250 1589 [I
268 1522 327 1588 only
342 1523 400 1589 give
416 1541 432 1574 a
448 1524 577 1585 selection,
594 1525 662 1575 siuce
678 1541 694 1574 a
713 1525 818 1575 number
833 1525 864 1575 of
876 1525 945 1576 these
961 1533 1033 1577 notes
1051 1543 1093 1577 are
1109 1526 1178 1592 quite
1194 1526 1324 1577 valueless.

272 1615 419 1666 Deviations
434 1615 499 1666 from
513 1615 557 1665 the
572 1622 625 1666 text
641 1615 671 1665 of
684 1615 763 1665 Orelli
781 1631 822 1665 are
838 1617 956 1667 recorded
971 1618 997 1667 in
1011 1617 1055 1669 the
1070 1617 1167 1670 critical
1181 1616 1275 1681 notes]

530 1913 1013 1996 ARGUMENTUM.

111 2196 116 2200 ¹
216 2160 223 2176 .
248 2160 255 2177 .
279 2158 286 2174 .
310 2110 374 2174 cho
389 2121 477 2176 esset
493 2111 659 2193 utrimque
674 2111 760 2175 inter
775 2101 886 2174 servos
901 2110 1044 2175 obhorta
1062 2110 1207 2196 iurgiosa
1227 2112 1373 2189 certatio

172 2216 264 2280 etad
280 2215 409 2301 gladios
425 2236 530 2299 usque
546 2235 755 2298 processum3
779 2223 816 2278 ut
840 2224 931 2279 metu
946 2216 1151 2299 peragitatus
1169 2217 1213 2280 ad
1229 2214 1373 2281 Bovillas

171 2319 205 2382 in
228 2319 448 2402 cauponulam
470 2321 639 2403 quandam
663 2318 698 2381 Ρ.
725 2316 862 2382 Clodius
884 2317 1011 2402 fugiens
1033 2319 1248 2398 concederet3
1272 2339 1373 2402 quem

143 2425 274 2501 5secuti
296 2444 362 2486 non
384 2443 444 2487 sua
464 2431 591 2505 sponte,
607 2430 644 2487 ut
660 2421 694 2486 in
714 2421 776 2486 hac
799 2421 988 2488 defensione
1003 2423 1132 2487 Tullius
1151 2422 1297 2506 loquitur
1315 2443 1375 2505 pto

172 2528 222 2591 sui
245 2527 343 2592 officii
365 2528 569 2602 necessitate,
593 2527 652 2590 sed
676 2527 765 2590 iussu
788 2527 923 2604 domini,
946 2527 1001 2611 qui
1024 2527 1088 2592 hoc
1111 2528 1259 2592 maxime
1281 2547 1373 2611 prae·

172 2640 354 2714 optaverat,
369 2631 453 2695 servi
470 2630 607 2694 Milonis
628 2629 860 2695 interemerint.
906 2629 986 2694 Post
1001 2630 1092 2714 quod
1113 2630 1240 2696 facinus
1256 2651 1373 2714 perpe-

171 2742 305 2812 tratum,
321 2743 355 2798 et
375 2734 492 2800 nuntio
508 2735 653 2799 Romam
673 2733 809 2816 perlato
824 2733 1000 2798 vehemens
1021 2734 1053 2797 in
1073 2733 1236 2799 Milonem
1251 2735 1374 2799 invidia

171 2848 340 2902 commota
366 2848 437 2918 est;
471 2838 585 2903 adlato
615 2838 717 2903 etiam
741 2836 900 2901 cadavere
926 2836 1121 2903 nobilissimi
1151 2838 1313 2904 senatoris
1339 2846 1374 2902 et

127 2967 159 3002 10
171 2938 339 3024 popularis
354 2942 424 3006 viri.
469 2942 550 3007 Post
574 2941 724 3025 denique,
743 2940 864 3006 iniecto
886 2941 919 3004 in
938 2941 1065 3005 curiam
1087 2940 1269 3006 Hostiliam
1285 2940 1374 3007 faces

170 3046 339 3110 subiectae
368 3033 515 3110 suntab
542 3042 733 3111 turbulenta
761 3053 795 3108 et
820 3043 955 3108 sordida
986 3043 1209 3124 multitudine,
1231 3045 1283 3111 cui
1305 3044 1374 3110 vita

171 3148 207 3211 P.
233 3147 329 3214 Clodi
352 3148 490 3213 nimium
511 3148 678 3213 fructuosa
700 3148 734 3211 in
756 3147 970 3231 praeteritum
994 3147 1103 3213 fuerat
1127 3156 1162 3213 et
1183 3157 1261 3213 tunc
1284 3168 1373 3213 mors

170 3253 289 3316 acerba
311 3261 392 3318 erat.
439 3251 569 3336 Quibus
591 3251 696 3316 turbis
720 3259 753 3315 et
779 3251 997 3317 seditionibus
1024 3251 1183 3315 adversus
1210 3251 1372 3315 Milonem
1448 3284 1452 3293 ·

170 3357 393 3441 flagrantibus,
416 3364 599 3421 convocato
626 3364 753 3434 senatu,
777 3354 946 3420 decretum
969 3364 1021 3419 est
1042 3355 1178 3420 caedem
1202 3355 1235 3420 in
1258 3355 1373 3441 Appia

126 3461 223 3537 15via
245 3470 361 3524 contra
384 3480 454 3524 rem
477 3482 510 3544 p.
533 3479 605 3524 esse
628 3458 850 3523 commissam.
897 3457 958 3523 Cn.
981 3459 1081 3522 etiarn
1106 3459 1292 3542 Pompeius,
1315 3459 1372 3542 qui

169 3572 248 3628 tunc
267 3565 337 3628 sine
355 3562 482 3647 collega
501 3564 637 3628 tertium
658 3562 862 3628 consulatum
883 3563 1029 3645 gerebat,
1045 3561 1121 3626 tulit
1139 3561 1257 3647 legem,
1273 3572 1310 3627 ut
1330 3563 1373 3626 de

169 3669 286 3732 eadem
320 3670 422 3733 caede
450 3677 547 3732 extra
576 3667 727 3731 ordinem
756 3674 976 3749 quaereretur.
1021 3665 1075 3729 Ac
1103 3665 1210 3750 primo
1237 3666 1372 3748 quidem

169 3771 293 3836 iudices
320 3772 539 3837 consederunt
568 3773 603 3835 in
628 3770 713 3835 aede
742 3768 889 3835 Saturni.
936 3769 982 3834 Et
1012 3769 1211 3833 cernendam
1238 3790 1371 3835 causam

169 3896 229 3959 pro
252 3875 365 3939 debita
387 3875 629 3940 necessitudine
651 3894 711 3937 nec
731 3873 839 3937 minus
860 3881 950 3948 voto,
967 3892 1034 3955 quo
1055 3872 1177 3938 inimici
1197 3873 1247 3937 sui
1262 3873 1373 3938 interi·

126 4003 157 4037 20
169 3989 241 4044 tum
264 3977 502 4062 gratulabatur,
519 3977 635 4044 Cicero
654 3977 809 4061 suscepit.
856 3975 924 4041 Sed
948 3974 1106 4059 quoniam
1129 3986 1163 4040 et
1182 3975 1373 4041 turbulenta

169 4103 222 4146 res
236 4092 308 4146 erat
322 4091 357 4146 et
371 4082 518 4147 confessa
534 4083 653 4146 caedes
669 4090 702 4145 et
718 4081 761 4145 ad
776 4079 973 4144 seditionem
990 4080 1133 4163 populus
1148 4078 1374 4145 inflammatus

169 4195 204 4251 et
230 4185 454 4269 circumpositi
479 4185 601 4249 iu'dicio
627 4183 756 4262 milites,
781 4192 815 4248 et
841 4203 908 4247 non
924 4183 1023 4267 longe
1048 4183 1237 4264 praesidens
1260 4181 1372 4249 consul

169 4291 241 4374 ipse
257 4289 433 4372 Pompeius
456 4289 580 4355 obnixe
599 4289 737 4353 studens
754 4287 787 4351 in
808 4287 1056 4352 damnationem
1077 4286 1221 4364 Milonis,
1237 4287 1372 4370 perferri

170 4393 315 4459 defensio
334 4393 397 4458 ista
413 4413 480 4457 non
502 4393 628 4475 potuit:
650 4412 729 4456 narn
753 4401 843 4455 metu
865 4399 1092 4458 consternatus
1107 4399 1141 4455 et
1156 4389 1227 4473 ipse
1242 4389 1373 4456 Tullius
