2926 4928
427 313 485 376 IN
512 313 585 379 OR.
610 312 709 378 PRO
738 311 938 377 MILONE.
1231 327 1293 398 125

93 490 350 574 negotiationem
367 491 448 556 lucri
465 491 515 554 sui
532 509 630 554 causa
646 489 679 552 in
695 488 885 553 huiusmodi
905 487 1059 552 iumentis
1074 485 1293 553 exercebant:

93 595 245 675 quamvis
263 604 297 658 et
318 595 351 657 in
375 593 528 678 filippicis
551 593 732 658 mulionem
747 593 945 658 Ventidium
966 593 1089 657 dixerit
1109 601 1295 677 eapropter,

94 700 186 782 quod
217 699 260 761 de
289 699 423 781 publico
453 700 637 763 redemerat
670 698 894 761 iumentorum
928 696 1179 781 praebitionem,
1209 715 1295 779 quae

95 811 205 867 essent
227 812 309 886 aput
331 803 513 867 exercitum
536 803 728 866 necessaria.

67 937 82 988 5
139 923 181 988 ib.
205 922 351 987 Partim
368 943 567 988 recurrere
581 923 628 987 ad
644 922 808 998 raedam,
825 930 902 986 uta
922 929 1032 1005 tergo
1045 920 1297 986 adorirentur

98 1026 296 1090 Milonem.

141 1139 188 1202 Et
210 1139 419 1202 considerato
448 1138 561 1203 statim
593 1138 709 1201 miram
739 1135 961 1219 prudentiam,
990 1136 1080 1219 quod
1111 1136 1158 1201 ita
1187 1155 1297 1200 narra·
1374 1155 1378 1163 ·

96 1244 223 1307 tionem
250 1242 474 1319 summaverit,
498 1250 536 1306 ut
557 1261 632 1305 cum
655 1241 829 1306 dominum
856 1241 1028 1305 crederent
1051 1241 1298 1324 interemptum,

97 1345 244 1411 lecerunt
266 1346 300 1410 id
322 1345 407 1410 servi
427 1345 583 1408 Milonis:
607 1345 728 1409 deinde
752 1342 826 1408 κατὰ
849 1341 936 1427 γένος
960 1344 993 1406 in
1017 1344 1159 1409 criminis
1182 1363 1298 1421 causa3

55 1483 85 1518 ιο
98 1451 157 1514 sed
173 1458 209 1513 ut
225 1447 350 1513 factum
367 1458 497 1526 estnec
514 1449 693 1532 imperante
711 1448 841 1513 demine
860 1468 917 1512 nec
932 1449 1057 1512 sciente.
1104 1447 1301 1529 Ibidemque

98 1553 256 1618 continuo
278 1551 393 1634 κλέμμα
421 1553 606 1628 subiunxit,
629 1553 662 1617 id
690 1562 749 1630 est,
772 1552 896 1618 furtum
923 1552 1094 1635 quoddam
1120 1551 1302 1615 invidiosae

99 1656 444 1732 commemorationis;
474 1657 632 1739 quoniam
662 1676 867 1739 consequens
890 1665 969 1733 erat,
993 1665 1029 1719 ut
1052 1656 1198 1720 dicerent
1228 1661 1301 1719 ‘oc-

100 1760 251 1824 ciderunt
273 1760 443 1824 inimicum
466 1760 591 1824 domini
613 1756 700 1838 sui';
734 1760 792 1824 sed
816 1759 945 1825 cautius
968 1758 1075 1822 multo
1096 1759 1303 1824 existimavit

101 1864 185 1928 uiros
212 1863 275 1928 hoc
305 1864 524 1947 perstringere
550 1865 597 1928 sic
622 1864 823 1929 desinendo:
859 1864 1025 1948 ‘fecerunt
1053 1862 1092 1928 id
1118 1861 1205 1945 quod
1230 1883 1304 1926 sues

57 1999 87 2048 ¹5
101 1967 234 2050 quisque
247 1988 356 2033 serves
369 1965 393 2045 '3
416 1969 587 2033 subtracta
602 1988 646 2048 re,
664 1989 730 2052 qua
746 1989 820 2033 reus
835 1968 997 2051 potuisset
1013 1968 1148 2032 onerari.

149 2097 232 2181 §39
258 2098 292 2161 P.
310 2096 503 2162 Lentulus
526 2097 734 2163 restitutor
755 2096 895 2162 salutis
920 2117 1034 2162 meae.

146 2218 199 2282 De
217 2218 361 2282 Lentulo
377 2217 553 2301 Spinthere
569 2217 721 2300 loquitur,
736 2217 794 2301 qui
809 2226 844 2282 et
859 2227 936 2282 ante
954 2215 1161 2280 consulatum
1177 2216 1305 2280 amicis·

103 2324 205 2387 simus
236 2321 385 2387 Ciceroni
420 2321 493 2386 suit.
554 2321 630 2385 Hoc
661 2321 807 2386 declarat
841 2321 911 2404 ipse
940 2319 1069 2384 Tullius
1099 2321 1133 2383 in
1163 2319 1306 2402 epistula

105 2428 250 2509 quadam
285 2427 329 2489 ad
366 2426 509 2490 eundem
547 2424 727 2490 Lentulum
762 2425 927 2489 scribens:
964 2424 1060 2506 ‘quia
1092 2443 1159 2487 non
1198 2422 1305 2486 solum

60 2566 92 2600 20
105 2530 310 2612 temporibus
346 2528 408 2605 his,
441 2548 527 2611 quae
563 2548 623 2612 per
658 2537 694 2592 te
730 2549 805 2591 sum
842 2529 995 2611 adeptus,
1032 2528 1090 2590 sed
1122 2527 1188 2590 iam
1226 2525 1306 2591 olim

106 2632 252 2697 nascenti
269 2653 372 2715 prope
393 2642 526 2697 nostrae
549 2632 638 2697 laudi
663 2632 883 2715 dignitatique
903 2629 1030 2696 favisti!
1077 2631 1116 2693 In
1132 2616 1306 2694 Albanum

108 2736 270 2801 Lentulus
293 2736 381 2799 idern
405 2757 465 2820 pro
489 2735 648 2800 Cicerone
670 2737 887 2800 contenderat
908 2736 952 2800 ad
976 2737 1171 2819 Pompeium
1191 2734 1308 2817 depre-

108 2842 261 2914 candum,
277 2840 333 2922 qui
349 2839 445 2903 nimis
460 2836 622 2904 alienatus
637 2860 658 2903 a
673 2840 879 2923 protegendo
894 2839 1006 2904 Tullio
1021 2841 1205 2904 videbatur.

151 2968 192 3033 ib.
216 2967 374 3051 Septem
398 2978 608 3052 praetores,
630 2977 721 3033 octo
743 2967 893 3033 tribuni
917 2967 1055 3050 plebis.

62 3115 93 3166 ²5
154 3090 347 3153 Praetorum
362 3109 378 3151 e
393 3108 530 3152 numero
542 3109 627 3153 unus
643 3088 748 3152 defuit
763 3088 896 3173 Appius
919 3088 1087 3167 Claudius,
1103 3088 1308 3153 tribunorum

110 3213 291 3264 enumero
318 3191 360 3275 Q.
388 3193 569 3257 Numerius
593 3202 627 3258 et
658 3192 782 3257 Atilius
811 3192 971 3258 Serranus
984 3215 992 3272 ;
1029 3192 1086 3276 qui
1110 3191 1309 3256 restitutioni

111 3297 278 3363 Ciceronis
299 3297 463 3361 adversati
485 3318 557 3362 esse
579 3298 764 3362 traduntur.

155 3422 239 3506 §4o.
264 3419 358 3484 Cum
392 3421 434 3486 in
468 3421 533 3486 Cn.
567 3421 795 3504 Pompeium
827 3442 897 3505 pro
930 3419 1079 3484 Milone
1117 3418 1310 3484 dicentem

112 3524 280 3609 impetus
315 3524 442 3589 sactus
476 3534 545 3589 est.

64 3669 99 3720 30
156 3645 196 3710 Id
211 3655 344 3728 tempus
359 3656 393 3710 et
408 3645 461 3711 hic
475 3645 686 3728 significatur,
697 3665 765 3730 quo
781 3643 899 3709 Miloni
915 3643 1004 3707 diem
1016 3643 1103 3708 dixit
1117 3643 1152 3706 P.
1166 3642 1312 3721 Clodius,

112 3749 201 3832 quod
218 3748 418 3831 gladiatores
433 3749 648 3826 adhibuisset,
664 3760 702 3814 ut
723 3748 930 3832 rogationem
954 3757 1067 3832 posset
1090 3746 1132 3811 de
1153 3747 1313 3813 Cicerone

112 3851 264 3938 perferre.

157 3979 198 4045 ib.
222 3979 353 4064 Nuper
375 4001 464 4046 vero
487 4001 573 4045 cum
597 3981 646 4044 M.
668 3980 878 4045 Antonius.

158 4099 234 4165 Hoc
263 4122 395 4184 quoque
422 4102 508 4166 inter
535 4102 710 4167 facultates
740 4099 994 4183 opportuniores
1021 4106 1204 4175 enumerat,
1231 4117 1314 4179 quas

67 4237 100 4291 ³5
114 4223 217 4286 quum
232 4202 384 4268 habuerit
400 4204 494 4281 Milo,
509 4205 706 4269 abstinuerit
725 4214 838 4268 tamen
858 4205 961 4267 caede
981 4201 1142 4265 faciunda.
1190 4199 1257 4264 Sed
1273 4200 1315 4263 de

274 4405 296 4452 4
314 4397 404 4450 essent,
416 4388 518 4454 Stangl:
536 4394 602 4438 esset.

256 4468 293 4520 19.
313 4456 432 4520 quadam,
443 4454 545 4520 Stangl:
563 4470 639 4520 quam
652 4453 692 4504 ad.
727 4453 842 4514 scribens,
854 4450 950 4515 Stangl,
962 4450 1033 4502 cod:
1050 4449 1143 4500 scribit.
