2926 4928
111 341 173 389 102
591 319 833 387 ASCONIUS

58 515 96 562 ³8
109 500 272 564 Milonem
297 498 384 563 intra
410 497 556 562 tunicam
576 493 581 582 Ι
601 496 724 561 habere
748 496 791 561 ad
819 495 926 561 femur
950 495 1122 581 alligatum
1154 497 1310 574 dixerat3

109 604 333 686 postulaverat
349 610 386 665 ut
401 601 507 666 femur
522 602 673 679 nudaret,
686 610 720 665 et
735 601 789 664 ille
805 601 875 664 sine
891 622 984 665 mora
999 602 1146 665 tunicam
1162 601 1310 665 levarat:

108 717 181 772 tum
207 707 254 770 M.
281 706 397 771 Cicero
423 704 670 769 exclamaverat
696 705 807 768 omnia
839 704 888 768 illi
917 705 1038 770 similia
1067 705 1207 770 crimina
1236 701 1312 768 esse

109 832 195 895 quae
217 811 250 873 in
274 809 435 873 Milonem
459 809 646 872 dicerentur
667 807 741 872 alia.

154 915 285 979 Deinde
303 912 387 996 (T.)
407 913 577 977 Munatius
594 911 735 975 Plancus
755 912 907 977 tribunus
928 912 1035 997 plebis
1052 913 1261 996 produxerat
1276 914 1337 979 in5

109 1020 296 1084 contionem
314 1017 361 1079 M.
378 1017 563 1081 Aemilium
580 1014 816 1095 Philemonem,
828 1025 946 1081 notum
960 1015 1309 1094 hominem‚libertum

110 1123 158 1186 M.
178 1123 306 1206 Lepidi,
324 1119 423 1204 (qui)
447 1142 483 1185 se
505 1121 639 1185 dicebat
662 1120 849 1204 pariterque
872 1141 983 1184 secum
1006 1130 1164 1204 quattuor
1186 1120 1310 1185 liberos

109 1227 262 1290 homines
281 1227 343 1289 iter
361 1223 519 1290 facientes
541 1225 776 1306 supervenisse,
792 1244 868 1288 cum
888 1223 1026 1289 Clodius
1046 1224 1261 1301 occideretur,
1277 1234 1311 1289 et

110 1333 154 1395 ob
171 1331 203 1394 id
221 1351 295 1395 cum
312 1329 583 1415 proclamassent,
595 1329 750 1412 abreptos
765 1337 800 1392 et
812 1329 989 1412 perductos
1001 1329 1034 1392 in
1046 1328 1159 1393 villam
1174 1327 1311 1393 Milonis

110 1455 170 1518 per
184 1436 269 1499 duos
286 1453 415 1498 menses
430 1432 619 1516 praeclusos
635 1431 754 1511 fuisse3
778 1453 883 1516 eaque
904 1453 955 1497 res
976 1453 1032 1496 seu
1047 1454 1126 1496 vera
1145 1453 1204 1496 seu
1227 1431 1311 1496 lalsa
1326 1456 1355 1491 10

111 1558 265 1622 magnam
296 1538 453 1601 invidiam
479 1536 596 1600 Miloni
627 1545 849 1600 contraxerat.
895 1537 1049 1620 Itemque
1074 1537 1245 1601 Munatius
1277 1545 1312 1601 et

111 1641 288 1724 Pompeius
306 1640 428 1705 tribuni
449 1639 555 1723 plebis
573 1641 607 1703 in
626 1649 732 1705 rostra
751 1641 979 1724 produxerant
997 1641 1204 1704 triumvirum
1220 1641 1311 1725 capi-

110 1746 213 1812 talem
248 1765 392 1828 eumque
422 1745 713 1826 interrogaverant,
743 1765 786 1807 an
822 1743 978 1810 Galatam
1010 1745 1146 1810 Milonis
1178 1766 1311 1809 servum

111 1850 228 1916 caedes
254 1850 429 1913 facientem
456 1848 735 1932 deprehendisset.
783 1849 845 1912 llle
872 1848 1093 1915 dormientem
1115 1849 1149 1913 in
1171 1851 1313 1914 taberna

111 1974 172 2036 pro
194 1954 336 2034 fugitivo
356 1951 554 2036 prehensum
577 1960 611 2016 et
638 1953 682 2015 ad
709 1973 745 2017 se
771 1951 969 2036 perductum
992 1974 1066 2017 esse
1088 1954 1312 2037 responderat.
1329 1971 1357 2020 15

113 2057 402 2121 Denuntiaverant
430 2066 544 2120 tamen
573 2056 756 2135 triumviro,
785 2077 827 2120 ne
854 2076 986 2120 servum
1018 2057 1222 2123 remitteret:
1252 2058 1312 2121 sed

112 2170 245 2245 postera
266 2161 322 2224 die
344 2159 477 2224 Caelius
500 2159 651 2223 tribunus
674 2159 781 2245 plebis
804 2169 837 2225 et
856 2159 940 2244 (Q.)
961 2161 1119 2225 Manilius
1143 2160 1313 2227 Cumanus

111 2264 240 2347 collega
263 2264 332 2328 eius
363 2272 512 2346 ereptum
539 2283 558 2327 e
584 2265 686 2328 domo
709 2265 872 2329 triumviri
897 2285 1028 2329 servum
1054 2264 1175 2330 Miloni
1202 2265 1313 2330 reddi-

112 2369 239 2432 derant.
285 2367 389 2442 Haec,
413 2368 475 2431 etsi
499 2367 625 2430 nullam
649 2368 691 2431 de
714 2367 766 2431 his
790 2368 980 2434 criminibus
1005 2369 1208 2433 mentionem
1234 2368 1313 2435 iecit

114 2472 238 2551 Cicero,
257 2480 370 2535 tamen
393 2472 471 2554 quia
494 2470 540 2535 ita
562 2492 800 2554 compereram,
823 2473 937 2556 putavi
961 2474 1172 2556 exponenda.
1220 2474 1313 2537 Inter
1329 2497 1361 2532 ιο

113 2576 236 2658 primos
257 2582 290 2638 et
311 2575 353 2658 Q.
370 2574 548 2656 Pompeius
571 2585 605 2640 et
624 2573 660 2639 C.
678 2574 855 2641 Sallustius
874 2584 909 2639 et
926 2575 966 2639 T.
983 2576 1156 2641 Munatius
1172 2575 1314 2642 Plancus

113 2679 238 2743 tribuni
254 2677 360 2762 plebis
377 2679 618 2742 inimicissimas
640 2678 813 2744 contiones
835 2680 878 2743 de
894 2680 1019 2743 Milone
1035 2679 1213 2759 habebant,
1230 2679 1313 2743 invi·

113 2783 225 2847 diosas
240 2783 341 2847 etiam
358 2782 401 2845 de
414 2781 581 2856 Cicerone,
595 2783 685 2865 quod
699 2783 857 2846 Milonem
874 2792 969 2849 tanto
984 2784 1095 2848 studio
1110 2783 1314 2850 detenderet.

115 2887 265 2969 Eratque
291 2887 439 2950 maxima
461 2907 538 2969 pars
563 2887 782 2951 multitudinis
801 2882 944 2974 [populi]
967 2885 1095 2952 infensa
1116 2908 1183 2951 non
1204 2887 1314 2952 solum

64 3009 100 3058 aa
116 2987 121 3074 l
137 2990 267 3068 Miloni,
278 2991 336 3053 sed
352 2991 452 3054 etiam
465 3000 602 3073 propter
613 2991 753 3055 invisum
763 2991 983 3075 patrocinium
997 2989 1154 3056 Ciceroni
1194 2992 1316 3058 Postea
1330 3012 1360 3062 ²5

116 3094 295 3176 Pompeius
311 3103 344 3158 et
361 3092 537 3157 Sallustius
560 3095 593 3156 in
616 3095 803 3177 suspicione
822 3094 953 3159 fuerunt
973 3095 1097 3159 redisse
1118 3095 1151 3158 in
1171 3097 1316 3178 gratiam

174 3271 198 3321 9.
215 3254 345 3320 perductos
361 3255 386 3304 in
396 3255 483 3305 villam
500 3255 605 3304 Milonis
621 3271 665 3320 per
680 3255 743 3305 duos
760 3271 865 3318 menses,
882 3263 940 3307 vett.
955 3255 1026 3308 edd:
1044 3255 1198 3322 [perductos]
1209 3264 1261 3322 per

513 3321 574 3370 duos
584 3336 676 3371 menses
686 3321 716 3370 in
727 3323 791 3372 villa
799 3321 915 3372 Milonis.

115 3461 158 3512 the
175 3462 205 3511 L.
223 3459 372 3510 Comihcius
388 3461 445 3510 who
462 3461 567 3511 accus-ed
583 3462 649 3511 Milo
666 3462 693 3511 in
771 3462 827 3513 Nec
844 3479 944 3514 causam
962 3463 1038 3514 liceat
1056 3463 1136 3513 dicere
1154 3462 1224 3513 mihi.

115 3526 157 3578 the
169 3527 307 3590 subsidiary
318 3525 376 3575 trial
386 3525 415 3576 dc
425 3527 462 3588 vi,
474 3528 566 3579 Ascon.
576 3542 616 3591 54.
643 3528 694 3577 For
738 3528 810 3592 They
830 3529 904 3579 could
921 3528 1000 3578 inflict
1016 3544 1142 3592 summary
1156 3528 1317 3593 punishment

115 3594 158 3643 the
169 3593 276 3642 incident
287 3592 318 3642 ci.
332 3596 344 3651 5
357 3592 397 3641 66.
738 3610 806 3659 upon
830 3595 919 3652 slaves,
942 3594 985 3645 the
1006 3594 1079 3644 usual
1101 3601 1159 3658 spot
1178 3595 1254 3659 being
1272 3595 1316 3646 the

151 3657 174 3708 6.
192 3663 394 3707 nummum
417 3662 626 3709 menonem:
653 3675 693 3709 see
739 3661 855 3710 columna
865 3660 980 3710 Maenia.
1013 3660 1095 3711 There
1105 3661 1127 3708 is
1141 3675 1174 3708 no
1191 3661 1316 3722 evidence,

116 3739 141 3787 p.
152 3723 210 3772 xxii.
223 3736 244 3771 a.
268 3724 312 3772 Dr.
324 3723 388 3773 Reid
399 3724 462 3774 calls
473 3725 523 3774 this
533 3733 601 3790 story
611 3727 693 3775 ‘most
739 3725 859 3785 however,
872 3732 899 3775 to
910 3725 980 3775 show
989 3725 1042 3774 that
1054 3726 1112 3789 they
1120 3725 1196 3774 could
1204 3726 1238 3775 do
1245 3742 1317 3777 more

116 3786 224 3848 absurd,'
233 3791 277 3838 but
288 3789 301 3837 Ι
312 3790 346 3837 do
357 3798 400 3840 not
412 3805 452 3840 see
464 3791 529 3854 why.
739 3791 798 3840 than
810 3792 903 3842 rebuke
915 3808 930 3840 a
941 3790 1041 3841 belated
1052 3792 1140 3841 citizen
1151 3807 1156 3840 :
1170 3790 1202 3840 cs.
1211 3791 1316 3842 Staatsr.

152 3868 191 3903 12.
207 3859 394 3904 stimula-um
412 3861 576 3913 capitalem:
601 3857 643 3908 the
661 3855 697 3904 iii
738 3856 764 3906 ii.
778 3867 834 3921 597.

117 3920 173 3969 viri
187 3920 303 3982 capitales
320 3920 369 3967 had
381 3920 423 3969 the
434 3927 521 3971 streets
532 3922 655 3984 patrolled
667 3929 694 3972 at
775 3936 812 3983 13.
829 3925 972 3972 emtum:
991 3921 1042 3971 this
1059 3920 1080 3969 is
1091 3938 1106 3971 a
1117 3920 1230 3971 different
1248 3927 1318 3985 story

117 3985 198 4048 night,
210 4001 257 4033 one
277 3985 306 4033 of
320 3984 384 4034 their
401 3986 469 4035 chies
481 3987 561 4035 duties
576 3989 650 4052 being
667 3994 693 4036 to
739 3987 802 4036 from
824 3986 879 4036 that
901 3987 930 4035 ol
954 3987 996 4036 the
1024 3987 1136 4036 drunken
1158 3986 1235 4047 slave,
1258 3987 1318 4036 who

117 4058 193 4099 arrest
220 4066 337 4113 runaway
359 4050 447 4100 slaves.
482 4052 553 4101 Thus
574 4052 646 4102 Sosia
668 4053 693 4101 in
738 4052 862 4102 wounded
876 4052 918 4101 the
932 4052 1096 4165 sacn'fiiculus,
1110 4056 1123 4111 ξ
1136 4052 1178 4115 65,
1190 4054 1257 4102 since
1274 4053 1318 4102 the

118 4116 199 4165 Plaut.
211 4116 304 4179 Amph.
319 4129 365 4179 154
377 4132 430 4180 sqq.
442 4132 512 4180 says:
738 4119 813 4167 latter
824 4117 932 4168 incident
948 4124 992 4167 too
1020 4117 1092 4182 place
1102 4117 1186 4167 before
1203 4117 1318 4182 Pompey

233 4181 276 4244 qui
296 4181 345 4230 hoc
363 4183 444 4232 noctis
461 4183 528 4232 solus
544 4183 679 4243 ambulem,
739 4185 840 4233 became
853 4182 1019 4232 sole-consul:
1037 4199 1077 4232 see
1088 4184 1179 4233 Ascon.
1192 4198 1225 4231 ou
1241 4183 1308 4247 567.

153 4246 221 4310 Quid
243 4247 333 4295 faciam
356 4263 429 4310 nunc,
449 4248 469 4296 si
490 4249 584 4298 tresviri
606 4264 646 4298 me
669 4249 694 4297 in
775 4261 813 4298 21.
833 4253 1007 4298 sallustius:
1025 4247 1057 4297 he
1078 4249 1129 4297 had
1148 4264 1164 4297 a
1180 4248 1238 4297 leud
1254 4249 1318 4298 with

185 4327 307 4361 carcerem
327 4314 514 4376 compegerintl
740 4314 829 4364 Cicero
836 4321 863 4364 to
872 4322 1043 4378 prosecute,as
1052 4313 1109 4363 well
1118 4314 1195 4363 asthe
1204 4314 1319 4379 flogging

152 4376 213 4425 lnde
225 4393 277 4426 cras
288 4393 302 4427 e
313 4379 482 4444 promptuaria
493 4378 557 4430 cella
565 4378 696 4445 depromar
740 4386 768 4429 to
786 4396 887 4443 avenge,
904 4379 986 4429 which
1005 4379 1037 4429 he
1056 4379 1106 4428 had
1123 4380 1233 4429 received
1251 4381 1319 4430 from

183 4442 216 4491 ad
228 4442 340 4506 flagrum,
742 4445 808 4495 Milo
816 4445 854 4511 [p.
862 4444 930 4495 xviii.
938 4443 975 4510 4].
1000 4445 1151 4496 Hedubbed
1160 4445 1318 4497 Cicero‘the
