2926 4928
166 324 228 372 112
647 300 889 369 ASCONJUS

208 483 319 547 Haec
340 481 475 547 eadem
497 480 614 563 longo
637 477 854 544 intervallo
876 496 1068 542 conversa
1091 497 1224 540 rursus
1245 484 1309 540 est
1325 475 1363 538 in

165 608 244 652 me:
279 607 398 669 nuper
424 586 591 670 quidem,
617 594 659 649 ut
684 582 801 663 scitis,
828 582 925 667 (me)
960 583 1008 648 ad
1043 581 1209 666 Regiam
1243 600 1366 663 paene

164 689 340 756 confecit.

209 794 287 879 Quo
311 795 365 858 die
389 792 570 877 periculum
593 792 657 856 hoc
680 792 809 870 adierit,
831 801 868 856 ut
895 789 1032 856 Clodius
1053 812 1127 855 eum
1152 791 1199 855 ad
1219 791 1365 874 Regiam

164 919 270 983 paene
284 897 468 972 coniecerit,
484 917 647 980 nusquam
663 896 772 960 inveni
786 920 794 974 ;
816 917 883 960 non
899 906 1012 960 tamen
1028 896 1175 961 adducor
1190 904 1227 959 ut
1247 904 1365 977 putem
1379 909 1392 959 5

166 1004 355 1069 Ciceronem
380 1001 566 1079 mentitum,
590 1001 782 1084 praesertim
808 1021 884 1064 cum
911 1000 1033 1065 adiciat
1060 1010 1102 1065 ut
1125 1000 1249 1064 scitis.
1297 999 1365 1064 Sed

165 1107 295 1172 videtur
311 1106 391 1169 mihi
407 1105 497 1189 loqui
513 1105 556 1168 de
570 1126 610 1169 eo
626 1104 692 1182 die,
704 1125 770 1187 quo
782 1094 973 1169 consulibus
985 1105 1137 1170 Domitio
1148 1114 1182 1169 et
1195 1104 1366 1178 Messalla,

166 1213 223 1295 qui
247 1218 490 1294 praecesserant
512 1229 588 1273 eum
612 1230 744 1286 annum,
759 1229 835 1273 cum
859 1209 940 1274 haec
966 1210 1071 1273 oratio
1091 1208 1180 1272 dicta
1203 1216 1263 1280 est,
1281 1209 1366 1272 inter

166 1315 418 1381 candidatorum
439 1312 587 1396 Hypsaei
609 1321 643 1377 et
659 1310 792 1376 Milonis
810 1333 926 1377 manus
941 1312 973 1376 in
988 1313 1042 1375 via
1057 1312 1159 1377 Sacra
1178 1323 1365 1396 pugnatum

166 1429 226 1498 est,
242 1419 402 1500 multique
420 1438 464 1480 ex
485 1417 673 1481 Milonianis
694 1438 738 1481 ex
759 1416 939 1499 improviso
960 1416 1157 1479 ceciderunt.
1204 1415 1258 1479 De
1274 1416 1367 1479 cuius
1383 1440 1412 1476 10

166 1524 231 1590 diei
247 1521 392 1608 periculo
408 1542 468 1585 suo
486 1532 522 1586 ut
537 1531 652 1605 putem
670 1520 760 1604 loqui
776 1541 862 1594 eum,
878 1521 956 1584 iacit
972 1529 1005 1584 et
1021 1518 1113 1584 locus
1129 1541 1262 1605 pugnae
1275 1517 1367 1604 (nam

167 1629 201 1691 in
226 1627 329 1692 Sacra
355 1627 408 1690 via
435 1626 578 1690 traditur
602 1625 793 1702 commissa,
823 1625 856 1688 in
883 1644 949 1707 qua
978 1633 1030 1687 est
1057 1621 1189 1710 Regia),
1215 1633 1248 1689 et
1277 1625 1369 1706 quod

167 1731 303 1796 adsidue
319 1729 416 1794 simul
432 1740 526 1793 erant
542 1750 617 1795 cum
633 1730 817 1794 candidatis
831 1729 1077 1812 suffragatores
1089 1727 1226 1792 Milonis
1239 1727 1368 1802 Cicer0,

170 1835 321 1918 Hypsaei
337 1834 484 1899 Clodius.
1316 1824 1320 1829 ⁴

212 1934 244 2024 (ᾗ
268 1934 334 2023 38.)
379 1938 565 2002 Potuitne
592 1936 629 2003 L.
657 1937 816 2014 Caecili,
842 1937 1049 2002 iustissimi
1081 1936 1369 2019 fortissimique
1386 1957 1414 2007 15

169 2043 372 2127 praetoris,
392 2041 616 2126 obpugnata
631 2044 770 2107 domo?

213 2155 252 2220 L.
269 2155 430 2220 Caecilius
452 2152 568 2230 Rufus,
589 2154 633 2219 de
653 2175 719 2237 quo
739 2154 868 2230 dicitur,
884 2153 945 2219 suit
966 2146 1141 2238 (praetor)
1164 2154 1199 2218 P.
1222 2153 1371 2218 Lentulo

170 2260 349 2342 Spinthere
372 2258 414 2343 Q.
432 2257 571 2322 Metello
594 2259 728 2341 Nepote
751 2280 842 2337 coss,
858 2279 925 2341 quo
948 2279 1035 2323 anno
1059 2259 1173 2324 Cicero
1196 2261 1372 2323 restitutus

170 2374 229 2430 est.
276 2364 310 2427 Is
330 2383 405 2426 cum
424 2361 546 2427 faceret
566 2356 663 2426 ludos
682 2361 904 2447 Apollinares,
918 2364 966 2427 ita
985 2362 1097 2427 infima
1117 2374 1231 2428 coacta
1255 2363 1370 2429 multi-

170 2468 253 2533 tudo
276 2487 425 2531 annonae
443 2466 580 2530 caritate
599 2467 801 2531 tumultuata
818 2478 878 2546 est,
898 2478 935 2531 ut
957 2488 1082 2546 omneS,
1103 2469 1159 2551 qui
1181 2468 1214 2530 in
1237 2467 1373 2532 theatro
1388 2485 1419 2522 20

170 2571 342 2654 spectandi
360 2590 460 2634 causa
480 2568 706 2646 consederant,
722 2571 929 2655 pellerentur.
976 2571 1029 2635 De
1050 2582 1245 2655 oppugnata
1267 2572 1374 2637 domo

120 2688 157 2734 49
170 2695 334 2758 nusquam
345 2674 453 2737 adhuc
471 2671 476 2758 Ι
497 2672 562 2756 legi
576 2695 584 2753 ;
604 2675 781 2758 Pompeius
793 2685 991 2740 tamencum
1002 2675 1193 2740 defenderet
1207 2676 1373 2740 Milonem

171 2779 259 2862 apud
292 2777 463 2861 populum,
496 2778 539 2840 de
571 2778 604 2841 vi
636 2789 812 2843 accusante
842 2778 969 2856 Clodi0,
997 2780 1127 2858 obiecit,
1160 2790 1196 2844 ut
1228 2781 1374 2864 legimus

172 2882 261 2967 apud
285 2882 441 2944 Tironem
469 2880 624 2946 libertum
650 2881 816 2946 Ciceronis
843 2883 876 2946 in
904 2883 989 2948 libro
1016 2884 1090 2948 lIll
1117 2885 1161 2947 de
1191 2885 1262 2948 vita
1293 2885 1375 2964 eius,

173 3005 367 3068 oppressum
394 2983 457 3068 (a)
484 2983 603 3050 Clodio
628 2986 666 3050 L.
683 2984 864 3051 Caecilium
888 2997 1085 3071 praetorem.
1390 3007 1418 3056 25

638 3208 766 3274 Pnuno
790 3210 894 3274 Posn.

218 3360 249 3446 (§
264 3358 333 3448 45.)
377 3361 430 3425 At
445 3381 522 3444 quo
540 3361 623 3425 die?
646 3382 731 3444 quo,
750 3372 789 3426 ut
809 3373 899 3429 ante
919 3364 1013 3442 dixi,
1029 3366 1103 3432 suit
1124 3367 1375 3434 insanissima

176 3466 315 3539 conti0‚
331 3465 378 3529 ab
394 3465 518 3547 ipsius
535 3467 801 3531 mercennario
818 3469 975 3535 tribuno
990 3471 1115 3553 plebis
1130 3474 1337 3538 concitata

221 3570 298 3632 Hoc
324 3569 488 3652 significat
513 3589 553 3632 eo
577 3571 632 3634 die
656 3590 723 3652 quo
752 3570 889 3636 Clodius
914 3575 1042 3640 occisus
1071 3585 1122 3640 est
1146 3577 1376 3643 contionatum

176 3692 247 3736 esse
263 3673 517 3736 mercennarium
532 3674 601 3737 eius
616 3674 784 3738 tribunum
801 3673 916 3759 plebis.
962 3677 1048 3744 Sunt
1062 3689 1176 3745 autem
1192 3682 1422 3748 contionaria>

177 3795 217 3838 eo
232 3776 296 3854 die,
312 3785 349 3839 ut
364 3799 408 3840 ex
424 3776 521 3840 Actis
537 3786 686 3861 apparet,
698 3777 734 3842 C.
749 3778 925 3844 Sallustius
941 3792 973 3844 et
987 3780 1028 3864 Q.
1042 3784 1228 3866 Pompeius,
1243 3786 1376 3868 utrique

177 3890 210 3943 et
228 3878 350 3943 inimici
369 3880 503 3943 Milonis
523 3890 556 3945 et
576 3881 657 3945 satis
675 3881 822 3964 inquieti.
868 3884 936 3949 Sed
956 3887 1086 3950 videtur
1107 3887 1186 3952 mihi
1211 3888 1253 3973 Q.
1278 3889 1377 3955 Pom-

177 3983 288 4067 peium
305 3984 491 4066 significare
505 4008 512 4061 ;
535 4006 612 4049 nam
630 3985 700 4050 eius
715 3987 903 4051 seditiosior
919 3989 978 4053 suit
994 3991 1115 4056 contio·

505 4162 544 4200 10.
563 4147 719 4212 Milonianis,
732 4151 885 4203 Gronovius:
904 4154 1020 4205 Mlom's.

212 4318 250 4354 11.
266 4312 347 4358 locun
367 4321 498 4366 punse:
515 4323 555 4357 see
570 4307 719 4368 Middleton,
738 4309 754 4359 i.
837 4324 875 4362 22.
893 4317 1059 4370 rempotus:
1078 4313 1109 4364 cs.
1124 4318 1153 4372 §5
1166 4329 1205 4377 40,
1219 4316 1260 4366 68.

178 4384 458 4488 ³⁰ssgf³2fflmw
475 4437 506 4488 cf.
519 4440 572 4489 Att.
584 4440 616 4490 iv.
632 4453 652 4488 1.
665 4439 689 4489 6.
802 4382 1046 4507 PliiCmgrtrCiiffI:
1057 4380 1111 4510 ἔξω
1128 4382 1197 4430 work
1219 4385 1240 4434 is
1261 4383 1328 4433 med
1346 4386 1379 4449 by
