2926 4928
477 323 535 387 IN
560 323 894 391 MILONIANAM.
1221 341 1284 410 107

89 494 206 564 Cicero
230 500 449 585 adprehendit
479 511 513 566 et
540 512 655 566 contra
684 499 838 568 Clodium
864 501 982 566 Miloni
1008 501 1123 567 secisse
1149 501 1283 566 insidias

88 604 279 686 disputavit,
294 626 401 689 eoque
416 615 489 671 tota
505 607 612 671 oratio
628 606 697 670 eius
712 606 884 688 spectavit.
931 605 999 671 Sed
1020 607 1066 672 ita
1081 607 1230 672 constitit
1246 613 1284 669 ut

86 708 244 788 diximus,
266 729 328 774 nec
349 710 453 774 utrius
480 709 615 774 consilio
642 720 827 792 pugnatum
855 731 926 774 esse
952 732 992 774 eo
1022 711 1086 790 die,
1111 731 1226 775 verum
1250 717 1284 772 et

87 809 173 876 sorte
203 814 382 877 occurrisse
412 823 446 878 et
473 835 517 878 ex
544 815 617 876 rixa
643 834 813 879 servorum
841 814 883 878 ad
911 814 1048 879 caedem
1075 824 1281 899 perventum.

56 925 71 975 ⁵
87 915 214 979 Notum
230 926 343 981 tamen
359 927 430 982 erat
446 922 623 1000 utrumque
639 927 780 981 mortem
796 917 889 982 alteri
907 903 1006 999 saepe
1022 919 1184 982 minatum
1201 938 1283 993 esse,

85 1027 119 1082 et
135 1020 220 1084 sicut
242 1031 433 1104 suspectum
451 1021 612 1085 Milonem
637 1022 742 1084 maior
762 1042 862 1104 quam
880 1020 976 1085 Clodi
993 1021 1118 1084 familia
1133 1021 1282 1097 faciebat,

85 1121 131 1186 ita
148 1124 338 1205 expeditior
351 1134 386 1188 et
400 1125 546 1208 paratior
561 1124 603 1188 ad
620 1145 767 1208 pugnam
781 1124 1018 1193 Clodianorum
1035 1145 1134 1208 quarn
1149 1125 1283 1189 Milonis

84 1225 201 1291 suerat.
249 1225 364 1292 Cicero
380 1249 455 1292 cum
470 1228 614 1312 incipere
627 1229 746 1307 dicere,
759 1239 918 1313 exceptus
938 1229 1026 1312 (est)
1044 1229 1285 1293 acclamatione

88 1327 336 1411 Clodianorum,
351 1333 407 1416 qui
427 1353 463 1397 se
481 1332 650 1396 continere
670 1354 712 1396 ne
734 1343 823 1398 metu
844 1334 977 1415 quidem
999 1334 1283 1398 circumstantium

39 1457 72 1494 ιο
86 1433 229 1498 militum
248 1445 438 1518 potuerunt.
484 1436 603 1519 Itaque
626 1457 693 1500 non
716 1457 755 1500 ea
779 1456 845 1520 qua
868 1437 984 1500 solitus
1008 1447 1079 1501 erat
1101 1438 1283 1502 constantia

85 1537 191 1614 dixit,
227 1539 344 1605 Manet
367 1549 479 1604 autem
502 1540 559 1604 illa
585 1561 718 1624 quoque
744 1548 887 1624 excepta
913 1541 982 1605 eius
1004 1541 1133 1606 oratio:
1155 1541 1284 1624 scripsit

47 1663 52 1670 ·
84 1661 163 1720 vero
179 1643 264 1708 hanc
280 1665 380 1728 quam
396 1643 537 1730 legimus
552 1645 599 1708 ita
614 1644 767 1730 perfecte,
781 1653 818 1709 ut
834 1645 902 1709 iure
917 1646 1024 1727 prima
1039 1644 1154 1709 haberi
1170 1646 1281 1729 possit.

470 2047 889 2132 ENARRATIO.

497 2260 610 2325 Vnus.
633 2259 669 2323 A
689 2260 813 2324 Pnnuo
837 2259 877 2324 L.

39 2453 69 2505 15
129 2416 161 2506 (ᾧ
176 2418 219 2508 3.)
242 2422 369 2489 Unum
385 2444 509 2508 genus
532 2433 593 2488 est
611 2425 817 2489 adversum
836 2423 1105 2507 infestumque
1120 2420 1234 2485 nobis
1250 2431 1283 2485 et

85 2534 204 2590 cetera.

174 2631 228 2693 Ita
253 2638 290 2694 ut
317 2631 351 2695 in
377 2651 498 2694 causae
522 2631 732 2713 expositione
757 2630 912 2706 diximus,
940 2630 1111 2694 Munatius
1143 2629 1283 2694 Plancus
1296 2646 1332 2694 4³

84 2732 191 2815 pridie
211 2755 272 2818 pro
292 2735 447 2800 contione
464 2734 626 2819 populum
647 2735 842 2801 adhortatus
863 2744 943 2815 erat,
958 2756 1000 2799 ne
1015 2744 1182 2817 pateretur
1197 2733 1282 2799 elabi

84 2835 254 2902 Milonem.

39 3021 71 3058 ,ο
494 2993 587 3058 Vsu.
610 2993 646 3057 A
669 2992 791 3058 Pmuo
816 2993 883 3059 CC.

129 3143 161 3232 (b
180 3143 242 3232 η.)
266 3147 483 3213 Declarant
513 3147 627 3212 huius
657 3148 833 3212 ambusti
859 3148 1007 3214 tribuni
1036 3147 1165 3231 plebis
1192 3147 1284 3214 illae

84 3249 374 3315 intermortuae
396 3252 613 3329 contiones,
636 3252 778 3336 quibus
800 3253 979 3336 quotidie
1002 3272 1125 3316 meam
1148 3261 1283 3335 poten-

85 3352 181 3417 tiam
197 3354 395 3420 invidiose
411 3355 703 3421 criminabatur.

171 3457 212 3521 T.
230 3458 401 3523 Munatius
419 3450 565 3524 Plancus
588 3459 678 3544 etQ.
697 3459 875 3542 Pompeius
898 3459 1005 3524 Rufus
1027 3458 1149 3524 tribuni
1171 3459 1224 3542 pl,
1241 3460 1283 3524 de
1362 3496 1364 3500 ·

37 3580 68 3632 25
83 3561 204 3647 quibus
234 3563 267 3626 in
298 3572 496 3647 argumento
536 3564 634 3628 huius
672 3564 830 3629 orationis
867 3564 1023 3641 diximus,
1053 3583 1129 3628 cum
1167 3572 1283 3627 contra
1320 3624 1323 3629 .

84 3665 248 3730 Milonem
276 3666 424 3750 Scipioni
454 3677 488 3732 et
518 3667 683 3752 Hypsaeo
714 3669 894 3746 studerent,
920 3667 1103 3733 contionati
1134 3675 1211 3732 sunt
1241 3689 1282 3732 eo

83 3770 157 3853 ipso
179 3778 330 3855 tempore
351 3771 552 3856 plebemque
574 3773 608 3835 in
626 3771 788 3836 Milonem
812 3772 1041 3846 accenderunt,
1059 3791 1125 3854 quo
1147 3781 1283 3855 propter

85 3874 183 3940 Clodi
213 3896 334 3958 corpus
365 3876 455 3940 curia
487 3876 622 3941 incensa
653 3885 713 3954 est,
736 3896 797 3940 nec
828 3875 920 3958 prius
949 3875 1156 3947 destiterunt,
1181 3895 1282 3958 quam

82 3977 219 4042 flamma
241 3979 311 4043 eius
331 3979 473 4044 Incendii
495 3980 600 4062 fugati
620 3988 698 4045 sunt
719 4001 737 4043 e
758 3981 922 4044 contione.
968 3979 1074 4042 Erant
1095 3978 1182 4041 enim
1204 3988 1283 4043 tunc

81 4140 174 4205 speech
195 4140 281 4191 served
303 4140 346 4192 the
368 4156 436 4190 same
458 4157 566 4208 purpose
582 4157 611 4192 as
627 4157 659 4191 an
708 4141 862 4196 mendatium
875 4140 979 4205 Quintil.
991 4141 1033 4190 vii,
1047 4153 1069 4188 a.
1082 4151 1115 4202 24
1125 4139 1283 4203 neglegentia

81 4207 169 4257 article
180 4206 345 4257 inamodern
357 4207 453 4257 review.
706 4206 885 4271 mentientium
909 4207 935 4255 in
960 4215 1089 4270 quaestum
1114 4208 1282 4260 notariorum

115 4286 139 4335 5.
154 4279 306 4330 unumque
317 4277 419 4323 auri:
437 4288 477 4323 see
490 4288 534 4337 pp.
550 4273 609 4322 xviii
621 4287 658 4338 sq.
705 4272 772 4322 Suet.
781 4272 831 4320 Tit.
840 4287 854 4333 3
864 4273 930 4322 notis
940 4273 1049 4336 excipere
1060 4268 1223 4330 velocissime,
1232 4270 1282 4318 and

117 4351 154 4388 11.
174 4344 305 4396 excepta:
323 4353 357 4388 se.
365 4339 398 4402 by
407 4338 543 4389 shorthand
551 4340 658 4388 writers:
707 4341 764 4399 §33
776 4354 802 4389 n.
838 4339 888 4386 For
905 4336 948 4386 the
966 4336 1135 4401 employment
1147 4335 1176 4384 oi
1184 4335 1284 4384 notarii

80 4403 112 4454 cf.
126 4404 184 4453 Div.
194 4403 220 4453 ii.
231 4417 264 4467 50
274 4403 384 4454 locutum
396 4404 482 4454 multis
492 4403 658 4465 audientibus,
704 4411 731 4453 to
747 4403 805 4453 take
822 4402 896 4452 down
914 4403 1030 4467 speeches
1045 4403 1071 4451 in
1086 4399 1128 4450 the
1147 4408 1231 4450 senate
1248 4400 1280 4451 el.

79 4469 123 4534 qni
135 4468 657 4536 omnianerbaeiusexceperint,litterisque
703 4469 769 4520 Plut.
783 4470 839 4520 Cat.
851 4469 911 4518 min.
926 4481 965 4530 ²3·
