2926 4928
184 292 230 382 96
660 301 904 368 Asconius

187 473 325 539 Clodius
352 498 461 560 equo;
484 477 570 542 servi
597 477 702 542 XXX
725 478 793 544 fere
815 480 975 562 expediti,
998 489 1035 545 ut
1057 479 1114 545 illo
1136 491 1290 563 tempore
1315 499 1388 544 mos

136 589 257 643 suerat
284 580 345 644 iter
375 581 579 660 facientibus,
604 581 723 666 gladiis
753 583 852 647 cincti
871 582 877 668 1
896 586 1127 667 sequebantur.
1174 585 1281 648 Erant
1308 604 1386 648 cum

187 682 306 748 Clodio
329 696 499 769 praeterea
521 695 587 749 tres
610 687 749 751 comites
771 689 851 765 eius,
874 709 918 752 ex
941 688 1061 772 quibus
1084 708 1185 770 eques
1210 689 1387 753 Romanus

186 807 270 851 unus
291 787 329 852 C.
346 788 520 854 Causinius
543 788 677 867 Schola,
694 791 762 855 duo
784 791 827 855 de
850 791 948 875 plebe
970 792 1040 856 noti
1064 792 1214 855 homines
1231 793 1267 854 P.
1286 792 1386 855 Pom-

184 891 303 973 ponius
321 892 374 975 <et
389 892 424 959 C.
440 891 602 975 Clodius).
647 894 731 958 Milo
747 896 826 959 reda
841 894 1023 959 vehebatur
1037 916 1113 960 cum
1129 917 1234 961 uxore
1248 897 1385 974 Fausta,
1399 918 1413 968 5

185 994 253 1058 filia
268 995 308 1058 L.
324 996 438 1079 Syllae
454 997 634 1071 dictatoris,
651 1007 684 1061 et
702 998 748 1059 M.
767 998 865 1062 Fusio
882 997 1039 1062 familiare
1055 1019 1125 1063 suo.
1173 998 1385 1082 Sequebatur

185 1118 241 1162 eos
266 1119 422 1183 magnum
449 1120 619 1164 servorum
644 1121 774 1185 agmen,
801 1101 887 1165 inter
908 1123 994 1185 quos
1022 1100 1223 1185 gladiatores
1249 1123 1386 1185 quoque

184 1212 286 1280 erant,
310 1225 354 1266 ex
378 1203 499 1286 quibus
529 1204 596 1268 duo
623 1203 693 1268 noti
720 1204 891 1268 Eudamus
918 1216 951 1268 et
978 1205 1093 1285 Birria.
1140 1206 1168 1268 Ii
1199 1206 1232 1268 in
1263 1207 1385 1270 ultimo

183 1306 317 1389 agmine
337 1307 461 1370 tardius
483 1318 597 1372 euntes
618 1327 693 1370 cum
712 1309 814 1372 servis
833 1308 869 1371 P.
887 1306 985 1372 Clodi
1003 1309 1113 1372 rixam
1134 1310 1384 1373 commiserunt.

181 1408 239 1473 Ad
267 1431 367 1493 quem
397 1411 577 1474 tumultum
612 1431 687 1473 cum
718 1412 918 1493 respexisset
949 1411 1086 1476 Clodius
1116 1413 1378 1491 minitabundus,
1399 1435 1430 1470 10

181 1535 331 1577 umerum
347 1515 417 1577 eius
429 1515 534 1577 Birria
546 1515 676 1596 rumpia
690 1515 828 1579 traiecit.
877 1515 958 1580 Inde
973 1535 1049 1578 cum
1065 1525 1139 1579 orta
1154 1526 1241 1579 esset
1257 1537 1381 1600 pugna,

182 1618 292 1700 plures
314 1617 486 1681 Miloniani
509 1627 725 1682 accurrerunt.
770 1618 908 1683 Clodius
934 1618 1126 1684 vulneratus
1148 1620 1181 1682 in
1205 1621 1382 1684 tabernam

182 1722 371 1805 proximam
399 1720 475 1804 (in)
506 1721 677 1785 Bovillano
701 1722 831 1785 delatus
855 1732 915 1786 est.
962 1720 1045 1786 Milo
1072 1733 1109 1786 ut
1132 1725 1289 1805 cognovit
1311 1724 1383 1788 vul-

182 1836 333 1889 neratum
363 1825 527 1903 Clodium,
551 1845 626 1889 cum
652 1826 713 1888 sibi
744 1827 962 1908 periculosius
992 1825 1073 1890 illud
1103 1826 1204 1890 etiam
1230 1826 1308 1892 vivo
1341 1848 1383 1892 eo

182 1929 326 1994 futurum
343 1929 557 2012 intellegeret,
572 1928 682 1992 occiso
697 1937 810 1992 autem
828 1950 988 2013 magnum
1008 1927 1168 1993 solacium
1186 1938 1273 1993 esset
1288 1930 1382 1994 habi·
1397 1952 1426 2002 15

181 2043 284 2108 turuS,
309 2033 439 2096 etiamsi
464 2031 635 2095 subeunda
660 2043 748 2096 esset
772 2053 889 2115 poena,
913 2033 1084 2097 exturbari
1111 2033 1249 2097 taberna
1274 2035 1381 2099 iussit.

181 2137 260 2202 Fuit
269 2137 504 2219 antesignanus
516 2156 685 2200 servorum
698 2136 767 2200 eius
780 2137 827 2198 M.
841 2135 1002 2201 Saufeius.
1046 2136 1163 2220 Atque
1179 2137 1226 2201 ita
1242 2135 1381 2204 Clodius

181 2241 286 2304 latens
313 2250 482 2304 extractus
510 2249 559 2304 est
583 2239 761 2322 multisque
787 2239 977 2303 vulneribus
1003 2240 1182 2304 confectus.
1229 2240 1382 2306 Cadaver

180 2346 249 2408 eius
265 2345 298 2408 in
312 2346 366 2409 via
385 2345 545 2420 relictum,
561 2345 638 2426 quia
654 2346 738 2408 servi
753 2344 853 2409 vClodi
870 2355 928 2408 aut
943 2346 1040 2410 occisi
1055 2357 1147 2410 erant
1161 2356 1220 2411 aut
1234 2347 1381 2430 graviter

180 2450 281 2514 saucii
297 2448 454 2528 latebant,
471 2448 549 2513 Sex.
568 2448 705 2512 Teidius
719 2459 863 2526 senator,
880 2449 937 2532 qui
952 2449 1037 2512 forte
1053 2471 1097 2513 ex
1112 2470 1186 2512 rure
1205 2451 1238 2512 in
1261 2451 1379 2514 urbem
1399 2468 1431 2503 ²0

181 2552 416 2627 revertebatur,
442 2552 577 2616 sustulit
601 2561 636 2615 et
660 2553 776 2616 lectica
802 2572 863 2616 sua
888 2553 1034 2616 Romam
1059 2552 1135 2617 ferri
1159 2553 1274 2629 iussit3
1308 2553 1382 2638 ipse

181 2678 290 2722 rursus
315 2657 433 2724 eodem
462 2657 548 2720 unde
575 2664 645 2720 erat
670 2677 819 2739 egressus
849 2655 922 2739 (se)
952 2657 1085 2738 recepit.
1131 2657 1301 2726 Perlatum
1330 2668 1382 2723 est

180 2781 299 2843 corpus
323 2760 419 2825 Clodi
442 2770 521 2824 ante
543 2761 686 2844 primam
711 2761 818 2825 noctis
840 2760 969 2837 horam,
992 2759 1191 2843 infimaeque
1218 2760 1325 2844 plebis
1348 2770 1382 2825 et

180 2885 348 2929 servorum
365 2865 513 2926 maxima
528 2863 708 2929 multitudo
726 2885 847 2948 mag-no
867 2865 957 2929 luctu
973 2885 1092 2947 corpus
1109 2866 1141 2928 in
1158 2866 1244 2928 atrio
1259 2864 1382 2929 domus

342 3032 366 3084 6.
385 3034 470 3097 Fusio,
483 3033 571 3084 codd:
589 3031 670 3099 Fufio.
787 3047 826 3084 20.
843 3032 952 3095 Teidius,
965 3033 1094 3084 Willems:
1116 3034 1214 3083 Tadius.

211 3209 234 3257 4.
252 3199 315 3243 noti
329 3199 473 3243 hominos:
492 3192 615 3242 Asconius
626 3193 648 3242 is
659 3193 718 3241 lond
730 3191 760 3242 of
837 3204 874 3242 11.
891 3198 1023 3251 moia:
1040 3208 1121 3256 genus
1138 3192 1185 3241 teli
1205 3199 1241 3241 est
1268 3193 1381 3244 Thracas

178 3259 228 3309 this
240 3258 338 3323 phrase,
347 3259 403 3308 infr.
412 3261 451 3320 38,
462 3275 515 3322 eg.
524 3265 611 3307 notum
620 3258 753 3319 nominem,
802 3258 914 3307 nationis
931 3258 998 3308 Gell.
1012 3275 1036 3307 x.
1050 3272 1087 3319 25.
1122 3258 1202 3306 Birria
1219 3259 1377 3322 (εΠυρρίας)

178 3326 204 3373 in
222 3325 323 3375 Comel.
337 3339 367 3388 59
379 3325 445 3373 notis
460 3339 589 3389 operarum
608 3323 719 3379 ducibus,
731 3325 756 3372 iu
801 3339 852 3372 was
867 3323 996 3372 doubtless
1011 3341 1026 3373 a
1042 3323 1140 3381 Thrax,
1152 3323 1193 3372 the
1210 3339 1283 3373 name
1302 3325 1379 3389 being

178 3390 242 3454 Tog.
263 3390 343 3439 Cand.
364 3392 391 3453 '91
414 3395 487 3438 notus
504 3389 614 3438 centurio
632 3388 755 3451 Syllanus.
801 3388 922 3453 specially
936 3390 994 3438 used
1011 3390 1040 3438 ol
1048 3388 1201 3437 ‘red-haired
1217 3389 1297 3439 slaves
1314 3390 1379 3439 from

86 3504 89 3509 ,
178 3454 233 3505 The
244 3463 317 3504 notus
328 3455 398 3504 homo
409 3456 430 3503 is
446 3455 488 3503 the
503 3469 592 3518 person
603 3453 660 3502 who
672 3454 756 3502 would
801 3454 911 3504 Thraee'
924 3455 1008 3518 [Lidd.
1020 3455 1068 3503 and
1076 3454 1124 3517 S.].
1135 3515 1140 3522 .
1152 3455 1203 3502 For
1211 3454 1254 3503 the
1262 3470 1335 3505 name
1345 3455 1377 3505 ci.

178 3521 209 3569 be
220 3520 311 3569 known
321 3529 348 3569 to
357 3522 398 3569 the
408 3520 580 3574 nomenclator,
588 3519 619 3568 ci.
628 3519 681 3568 Att.
689 3519 722 3567 iv.
732 3533 754 3567 1.
800 3518 906 3578 Ξανθίας,
918 3520 966 3568 aud
978 3519 1064 3569 Schol.
1077 3536 1108 3568 on
1121 3520 1165 3568 Ar.
1178 3520 1241 3568 Rau.
1253 3521 1323 3582 7206
1333 3520 1378 3578 μὲν

181 3599 209 3645 15
222 3602 296 3634 nemo
304 3586 379 3635 ullius
389 3585 481 3633 ordinis
493 3584 570 3633 homo
579 3584 756 3633 nomenclatori
801 3583 885 3647 πυρρὸς
894 3583 925 3646 ἦν
935 3583 981 3643 τὴν
992 3583 1076 3645 κόμην,
1085 3585 1099 3632 d
1107 3583 1132 3633 δέ
1140 3584 1229 3647 furvis.
1248 3586 1273 3633 A
1281 3584 1379 3636 similar

178 3658 259 3711 notus,
272 3687 278 3700 .
295 3689 300 3700 .
316 3689 323 3700 .
335 3651 377 3715 qui
389 3650 451 3699 mihi
463 3651 564 3699 obviam
575 3665 625 3698 nou
636 3650 738 3698 venerit.
800 3665 873 3698 name
885 3651 906 3699 is
918 3649 1000 3709 Rufio,
1016 3653 1028 3708 ᾗ
1041 3648 1080 3700 60.
1308 3656 1311 3662 '

210 3715 234 3765 6.
252 3722 352 3766 rutilo:
372 3717 384 3765 I
401 3716 478 3764 retain
491 3715 532 3764 the
549 3715 651 3778 reading
669 3714 699 3763 ol
712 3715 754 3764 the
835 3729 873 3778 14.
891 3721 979 3764 ettam
994 3720 1075 3765 vivo:
1095 3715 1132 3763 ‘il
1151 3715 1182 3764 he
1202 3716 1335 3766 continued
1350 3725 1378 3767 to

178 3781 260 3839 MSS,
268 3781 350 3831 which
361 3782 382 3831 is
393 3780 520 3844 generally
528 3779 621 3829 altered
632 3788 660 3828 to
670 3781 752 3892 Feepto,
799 3779 863 3841 live,’
876 3781 906 3830 cf.
921 3785 933 3839 5
948 3795 977 3842 53
990 3796 1016 3829 n.

176 3863 205 3896 or
215 3845 324 3910 Saufeio.
359 3848 409 3895 For
424 3847 467 3896 the
484 3846 556 3895 latter
567 3846 597 3896 ei.
609 3844 663 3894 infr.
722 3845 753 3895 he
834 3859 873 3909 19.
901 3851 1003 3896 occist:
1038 3846 1172 3910 according
1199 3853 1225 3895 to
1259 3847 1378 3897 Metellus

176 3929 249 3962 name
261 3913 355 3961 Fusius
366 3912 387 3962 is
398 3920 442 3962 not
458 3926 615 3969 uncommon,
628 3926 682 3973 eg.
695 3927 710 3958 a
722 3911 751 3960 C.
798 3910 892 3975 Scipio,
905 3911 960 3960 infr.
974 3909 1014 3972 36,
1026 3912 1110 3960 eleven
1121 3927 1185 3960 were
1196 3911 1283 3961 killed.

177 3978 331 4028 FusiusCita
339 3979 359 4026 is
368 3978 508 4028 mentioued
517 3977 589 4026 Caes.
599 3977 627 4025 B.
638 3975 669 4025 G.
677 3977 719 4026 vii.
728 3991 751 4038 3.
832 3991 871 4026 20.
889 3983 951 4026 801.
964 3982 1097 4026 wotdluu:
1116 3977 1240 4037 Willems,
1258 3977 1342 4037 Sdnat,
1360 3979 1377 4026 i.

176 4044 216 4094 Ci.
229 4043 282 4092 Liv.
296 4043 331 4092 iii.
350 4059 373 4104 4.
391 4057 402 4090 1
422 4043 514 4091 Furios
530 4042 620 4091 Furios
635 4042 752 4104 scripsere
798 4055 854 4103 500,
865 4042 949 4091 thinks
960 4041 1010 4090 this
1020 4058 1077 4104 may
1093 4043 1124 4090 be
1137 4043 1179 4091 the
1192 4040 1268 4091 Τίδιος
1280 4041 1378 4104 Σέξτιος

176 4109 294 4174 quidam
311 4109 360 4157 and
376 4108 476 4167 Seneca,
488 4107 602 4170 Exoerpt.
614 4107 699 4158 Contr.
717 4108 750 4156 iii.
796 4107 854 4155 who
876 4109 901 4155 in
923 4115 1032 4157 extreme
1051 4107 1095 4156 old
1115 4123 1162 4170 age
1182 4107 1377 4173 (ἐσχατογὴρω)

155 4217 158 4221 .
176 4175 252 4239 praef.
261 4174 286 4222 si
296 4175 383 4222 Thrax
389 4189 469 4231 essem,
478 4172 572 4221 Fusius
579 4187 661 4232 essem,
669 4172 750 4222 where
792 4171 878 4234 joined
890 4173 1000 4236 Pompey
1011 4173 1035 4220 in
1048 4172 1141 4222 Greece
1153 4173 1178 4221 iu
1190 4189 1221 4237 49
1233 4186 1282 4222 luo.
1297 4173 1376 4235 (Plut.

175 4241 196 4290 it
207 4241 229 4289 is
238 4239 280 4289 the
291 4255 363 4288 name
374 4240 401 4289 ol
410 4257 425 4288 a
436 4237 568 4302 gladiator.
794 4237 883 4302 Pomp.
895 4237 947 4302 64).
981 4239 1032 4286 For
1042 4238 1084 4287 the
1095 4238 1203 4303 spelling
1214 4240 1241 4288 ol
1250 4239 1293 4290 the
1303 4256 1378 4290 name

209 4306 231 4355 8.
256 4310 332 4354 noti:
359 4305 374 4353 i.
383 4305 483 4367 e.,they
502 4303 551 4353 had
570 4302 750 4366 distinguished
793 4303 824 4352 cl.
837 4303 867 4352 C.
879 4303 901 4353 1.
913 4304 929 4352 i.
941 4320 967 4368 p.
982 4317 1036 4365 231.
1051 4317 1121 4368 1090.

174 4369 320 4419 themselves
331 4371 355 4417 in
368 4371 410 4418 the
421 4370 514 4419 theatre
524 4368 622 4433 [Reid],
631 4385 659 4418 or
667 4369 716 4418 else
724 4369 749 4417 in
830 4382 867 4431 ²3·
892 4375 958 4418 anto
981 4375 1105 4427 primam
1132 4374 1228 4419 nooffl
1255 4375 1376 4420 hortm:

174 4434 217 4487 the
227 4437 319 4486 service
330 4435 360 4485 oi
366 4435 440 4486 Milo.
795 4438 824 4493 §t
840 4447 877 4499 29,
890 4449 922 4499 49
933 4450 960 4484 n.
