2926 4928
408 309 507 373 PRO
541 308 573 373 T.
604 308 764 374 ANNIO
792 307 989 373 MILONE.
1258 326 1297 394 17

100 495 134 548 et
157 486 338 567 parricidae
361 488 521 569 sanguine
543 487 670 551 imbuta
693 495 753 551 est.
800 485 867 551 Sed
891 488 971 571 quid
993 509 1056 570 ego
1078 487 1134 552 illa
1154 509 1299 552 comme·

101 596 218 654 moro?
257 590 525 673 comprehensus
548 601 599 654 est
621 592 654 653 in
677 591 804 673 templo
828 591 975 679 Castoris
997 612 1109 655 servus
1134 592 1167 655 P.
1191 591 1297 665 Clodi,

100 714 199 776 quern
221 693 276 758 ille
295 695 339 758 ad
361 693 421 758 Cn.
445 694 640 777 Pompeium
662 694 923 760 interficiendum
944 694 1143 772 collocarat;
1166 706 1300 761 extorta

101 805 152 860 est
173 797 202 859 ei
223 797 394 862 confitenti
415 798 483 862 sica
502 801 545 863 de
567 799 741 872 manibus3
768 800 874 862 caruit
894 799 964 863 foro
980 810 1097 882 postea
1114 800 1300 882 Pompeius,

72 901 206 969 scaruit
227 912 353 980 senatu,
377 903 481 966 caruit
503 902 657 985 publico;
687 903 785 966 ianua
807 924 843 967 se
865 923 904 966 ac
926 904 1116 984 parietibus,
1138 924 1204 967 non
1230 903 1300 966 iure

101 1005 211 1087 legum
231 1006 490 1089 iudiciorumque
510 1007 606 1071 texit.
652 1000 743 1070 Num
764 1026 850 1088 quae
870 1007 998 1089 rogatio
1019 1006 1096 1085 lata,
1116 1028 1194 1071 num
1216 1027 1301 1090 quae
1314 1021 1346 1066 19

101 1129 189 1173 nova
204 1111 354 1192 quaestio
369 1112 502 1175 decreta
517 1117 590 1197 est?
624 1111 732 1193 Atqui
751 1113 777 1174 si
797 1131 859 1189 res,
880 1113 908 1174 si
926 1112 983 1190 vir,
999 1112 1025 1175 si
1045 1121 1177 1194 tempus
1196 1111 1300 1174 ullum

101 1214 239 1297 dignum
256 1213 328 1293 fuit,
343 1223 430 1279 certe
447 1215 529 1279 haee
545 1215 577 1278 in
594 1214 649 1279 illa
665 1236 765 1278 causa
779 1234 910 1279 summa
927 1207 1041 1278 omnia
1061 1215 1200 1279 fuerunt.
1248 1216 1315 1279 In·.

102 1318 239 1381 sidiator
258 1328 329 1383 erat
349 1321 382 1381 in
404 1319 475 1382 foro
495 1319 673 1384 collocatus
694 1329 794 1402 atque
815 1321 847 1382 in
868 1320 1032 1384 vestibulo
1053 1320 1126 1403 ipso
1146 1330 1300 1396 senatus;

57 1423 131 1484 roei
147 1424 218 1487 viro
237 1431 350 1486 autem
372 1415 461 1487 mors
481 1424 667 1506 parabatur,
689 1425 781 1488 cuius
802 1424 835 1486 in
851 1424 920 1487 vita
938 1424 1104 1487 nitebatur
1119 1422 1208 1487 salus
1223 1423 1301 1486 civi·

102 1527 201 1606 tatis;
223 1547 263 1590 eo
278 1548 377 1610 porro
393 1529 439 1591 rei
458 1528 610 1610 publicae
630 1538 787 1611 ternpore,
804 1547 871 1609 quo
892 1527 919 1592 si
939 1547 1023 1591 unus
1043 1526 1097 1590 ille
1117 1527 1301 1602 occidisset,

103 1651 170 1694 non
197 1631 279 1696 haec
304 1631 412 1695 solum
440 1633 566 1710 civitaS,
588 1632 646 1697 sed
674 1641 789 1716 gentes
814 1651 928 1695 omnes
955 1631 1184 1695 concidissent.
1228 1630 1302 1694 Nisi

102 1755 189 1811 vero,
205 1736 283 1817 quia
298 1736 442 1818 perfecta
457 1756 508 1799 res
523 1757 588 1800 non
604 1746 663 1814 est,
679 1756 745 1800 non
762 1735 824 1799 suit
836 1735 1038 1818 poenienda3
1059 1735 1197 1816 proinde
1209 1734 1303 1817 quasi

103 1839 215 1902 exitus
230 1859 348 1914 rerum,
364 1860 431 1903 non
446 1840 619 1903 hominum
635 1840 773 1905 consilia
788 1839 915 1922 legibus
930 1839 1146 1902 vindicentur.
1192 1838 1304 1902 Minus

57 1962 89 2012 15
104 1941 284 2006 dolendum
301 1942 363 2006 suit
375 1964 410 2007 re
422 1962 488 2007 non
500 1943 654 2026 perfecta,
666 1944 724 2007 sed
737 1943 958 2025 poeniendum
970 1952 1058 2006 certe
1069 1941 1172 2006 nihilo
1184 1943 1304 2005 minus.

104 2046 268 2130 Quotiens
287 2068 350 2130 ego
371 2047 449 2130 ipse,
467 2048 599 2126 iudices
615 2069 660 2112 ex
681 2048 718 2111 P.
742 2046 840 2112 Clodi
861 2047 933 2109 telis
955 2057 988 2110 et
1007 2066 1051 2108 ex
1072 2046 1214 2110 cruentis
1235 2047 1303 2110 eius
1317 2063 1354 2112 20

104 2151 256 2214 manibus
278 2151 397 2234 effugii
429 2172 473 2215 ex
494 2152 614 2233 quibus
633 2153 661 2214 si
683 2173 736 2215 me
754 2172 821 2215 non
841 2149 893 2214 vel
917 2170 992 2214 mea
1009 2148 1060 2213 vel
1084 2151 1129 2213 rei
1153 2150 1304 2232 publicae

105 2254 238 2319 fortuna
252 2263 423 2332 servasset,
439 2257 513 2338 quis
534 2256 668 2319 tandem
690 2256 733 2320 de
753 2254 887 2319 interitu
909 2274 983 2317 meo
1004 2256 1230 2336 quaestionem
1251 2263 1303 2318 tu-

106 2360 196 2423 lisset
206 2346 243 2422 ps·
252 2357 319 2448 Sed
331 2359 423 2424 stulti
436 2380 558 2434 sumus,
571 2360 627 2441 qui
640 2360 796 2437 Drusum,
812 2359 868 2440 qui
880 2357 1088 2434 Africanum,
1101 2357 1304 2440 Pompeium,
1319 2365 1345 2432 Β

141 2584 164 2620 1.
182 2572 253 2620 illam
263 2572 284 2621 δ.
407 2587 432 2635 4.
449 2574 472 2622 ei
483 2589 531 2623 om.
544 2575 565 2623 δ.
702 2589 727 2639 9.
743 2573 818 2638 ipso:
836 2573 879 2622 illo
890 2571 921 2622 T.
1056 2585 1094 2622 11.
1112 2573 1242 2622 occidisset
1253 2572 1304 2621 To:

105 2637 226 2686 cecidisset
237 2638 268 2686 E.
336 2650 374 2698 13.
391 2638 539 2703 poenienda,
551 2638 702 2689 Lambinus:
714 2639 865 2704 poenitendo
877 2639 915 2699 T;
926 2638 1060 2703 puniendo
1074 2639 1116 2688 Et.
1186 2637 1223 2687 16.
1240 2653 1304 2703 ego:

106 2717 161 2766 crgo
172 2703 203 2753 T.
305 2712 343 2767 17.
360 2703 400 2753 vel
412 2720 468 2754 mea
480 2705 516 2755 E:
532 2721 578 2755 om.
591 2705 630 2755 vel
642 2705 687 2755 To.

142 2897 163 2931 2.
179 2889 286 2941 templo
305 2886 448 2933 omorio:
477 2881 527 2933 this
546 2882 596 2932 had
619 2883 681 2932 been
732 2883 768 2933 iii.
787 2886 826 2948 89,
848 2882 898 2934 Off.
916 2882 933 2932 i.
955 2896 1011 2946 154,
1032 2883 1087 2933 Fin.
1107 2884 1133 2933 ii.
1154 2885 1192 2949 58,
1215 2885 1306 2934 Ascon.

107 2948 218 3012 repaired
251 2950 284 3011 by
311 2947 340 2997 L.
368 2947 488 2997 Metellus
514 2949 680 3009 Dalmaticus,
734 2949 772 3012 36.

101 3010 157 3064 cos.
179 3026 225 3078 119
242 3025 298 3063 nc.
317 3013 411 3076 (Seaur.
428 3011 482 3075 46),
500 3015 548 3062 and
567 3030 618 3063 was
636 3013 682 3062 ire·
765 3020 875 3065 uenit:
900 3029 928 3063 so
955 3014 1016 3064 urbe
1042 3029 1126 3064 carcre
1156 3015 1219 3065 Phil.
1243 3016 1259 3064 i.
1282 3015 1307 3077 6,

108 3079 279 3144 quentlyused
296 3079 507 3142 formeetingsof
521 3080 563 3129 the
580 3088 680 3129 senate:
732 3081 866 3130 domocar.
883 3079 1029 3140 Dom.146.
1063 3079 1119 3129 The
1135 3082 1264 3131 antithesis
1280 3088 1308 3131 to
1395 3127 1397 3131 ,

102 3145 138 3195 ci
154 3159 203 3209 quo
220 3153 393 3209 saepenumero
410 3151 511 3193 senatus
527 3151 679 3200 convocatur,
731 3148 774 3196 the
790 3146 860 3194 word
875 3147 896 3195 is
904 3145 974 3209 frui,
987 3161 1009 3194 e.
1019 3162 1044 3209 g.
1056 3147 1112 3195 Att.
1121 3147 1148 3197 ii.
1162 3161 1213 3210 1.4
1229 3163 1307 3211 neque

109 3211 179 3259 Verr.
195 3211 211 3260 i.
226 3221 281 3273 127.
315 3210 339 3260 lt
355 3225 407 3258 was
425 3225 484 3260 near
502 3209 544 3260 the
561 3210 638 3258 house
656 3209 685 3258 of
733 3227 780 3261 nos
791 3218 816 3262 te
819 3211 952 3275 fruimur,
965 3218 989 3260 et
1000 3219 1029 3260 tu
1040 3212 1113 3261 nobis
1123 3228 1191 3261 cares

109 3276 151 3325 the
162 3276 268 3337 Vestals,
283 3276 333 3324 and
345 3290 397 3324 was
414 3274 472 3338 only
489 3275 640 3324 dismantled
657 3275 682 3323 in
767 3278 791 3327 8.
803 3291 915 3326 numm
925 3282 1035 3326 omnin:
1053 3277 1085 3328 cs.
1097 3278 1163 3340 Imp.
1175 3279 1263 3342 Pomp.
1276 3276 1307 3339 36

113 3353 174 3404 1547
203 3341 240 3390 sor
270 3341 312 3391 the
337 3340 452 3404 building
480 3341 510 3389 of
528 3342 565 3392 st.
589 3339 684 3391 Peter's
734 3344 834 3408 quaein
849 3342 896 3393 Cn.
914 3341 1053 3407 Pompeio.
1068 3358 1205 3393 ..summa
1222 3343 1309 3393 omnio

110 3406 248 3471 [Laneiaui
262 3422 287 3471 p.
302 3405 369 3469 155}
406 3457 410 3469 ,
734 3416 799 3459 sunt.
1107 3438 1110 3444 ·

142 3487 245 3522 servus
262 3478 293 3521 Ρ.
305 3477 399 3522 clodi:
418 3471 450 3522 ei.
463 3473 556 3522 Aseon.
569 3487 601 3521 on
615 3473 628 3530 ξ
642 3481 681 3534 37,
770 3487 808 3522 11.
826 3479 871 3521 rot
881 3489 910 3531 p.
920 3479 1064 3531 empore:
1084 3471 1308 3537 ‘politicalerisisss

110 3537 171 3588 Sest
179 3536 377 3600 69,Schol.B0b.
386 3553 418 3586 on
426 3537 457 3587 de
466 3539 529 3586 Aere
537 3537 569 3586 al.
578 3538 593 3585 i.
603 3550 626 3598 3,
634 3537 683 3584 and
734 3539 765 3590 cf.
784 3540 837 3587 Att.
853 3538 902 3588 xvi.
920 3547 943 3603 7.
959 3553 972 3601 5
990 3538 1039 3587 hoc
1056 3554 1114 3588 vero
1132 3538 1194 3587 nihil
1213 3540 1310 3604 turpius

109 3605 135 3653 ii.
148 3605 163 3652 8
178 3604 217 3652 sor
233 3604 275 3653 the
286 3609 361 3667 story.
395 3603 506 3667 Pompey
518 3610 545 3652 at
562 3602 597 3651 all
611 3603 683 3651 times
734 3605 822 3670 quovis
840 3604 880 3652 rei
893 3610 921 3667 p.
934 3609 1046 3668 tempore,
1059 3604 1101 3654 sed
1121 3605 1170 3654 hoc
1189 3604 1310 3654 ἀναπολό·

110 3669 296 3718 hadanervous
304 3668 391 3718 horror
400 3669 428 3718 oi
436 3668 617 3718 assassination.
654 3668 684 3717 In
732 3687 819 3733 γητον.

25 3735 28 3740 “
111 3736 142 3796 58
155 3746 178 3783 Β.
186 3744 211 3782 c.
224 3734 256 3784 he
267 3733 375 3798 thought
386 3733 426 3783 his
435 3733 478 3783 life
487 3733 511 3781 in
521 3732 683 3798 dangerfrom
767 3740 933 3786 occidisset:
958 3734 1000 3782 the
1020 3749 1088 3784 same
1107 3733 1264 3798 conjunction
1285 3735 1314 3785 of

110 3800 199 3850 Cicero
220 3799 294 3860 (Sest.
318 3801 370 3863 41),
391 3801 416 3849 in
440 3798 471 3862 56
493 3799 557 3848 from
579 3799 684 3849 Crassus
733 3802 805 3851 verbs
822 3815 907 3850 occurs
922 3801 999 3849 Dom.
1011 3800 1044 3864 96
1060 3802 1238 3865 rempublicam
1256 3818 1310 3851 con-

112 3865 154 3929 (Q.
164 3865 193 3914 F.
200 3864 226 3915 ii.
238 3877 259 3924 3.
269 3865 364 3926 4)‚and
375 3872 400 3914 at
409 3865 459 3914 this
465 3864 525 3914 time
533 3879 585 3914 was
593 3864 685 3914 almost
734 3867 814 3917 cidere
833 3867 906 3915 nnius
923 3865 1038 3927 discessu,
1051 3881 1127 3930 quam
1144 3867 1255 3916 omnium
1274 3868 1311 3915 in-

110 3929 262 3994 ludicrously
280 3931 457 3995 apprehensive
476 3930 505 3979 ol
519 3930 590 3979 Milo.
626 3930 685 3978 Vet·
735 3933 808 3981 teritn
825 3931 927 3981 occidere
944 3930 1026 3979 malni.
1070 3931 1125 3980 The
1141 3933 1237 3982 variant
1253 3933 1310 3981 ceci-

112 3996 170 4056 tius,
189 3996 231 4045 the
251 3996 376 4057 informer,
395 3995 467 4046 lmew
487 3995 526 4045 his
542 4011 599 4044 meu
618 3995 684 4054 well,
735 3998 810 4046 disset
828 3997 849 4046 is
869 3997 917 4045 due
936 4004 962 4046 to
982 4012 996 4044 a
1014 3997 1207 4060 misconception
1227 3998 1256 4047 oi
1269 3997 1312 4047 the

110 4062 182 4112 when
193 4062 219 4109 in
232 4076 262 4125 59
271 4061 303 4110 he
314 4076 383 4111 came
394 4059 498 4110 iorward
510 4061 570 4110 with
579 4064 586 4088 ‘
596 4060 686 4110 revela·
736 4063 853 4127 meaning
864 4062 985 4125 eonveyed
1003 4063 1037 4125 by
1047 4063 1213 4111 concidissent.
1249 4063 1311 4112 Con·

110 4124 191 4176 tions'
208 4126 357 4191 concerning
373 4143 405 4176 en
421 4126 518 4191 alleged
530 4126 584 4190 plot
602 4127 631 4175 of
645 4124 687 4174 the
737 4129 894 4177 cidere=‘to
912 4128 944 4178 be
961 4129 1043 4177 struck
1061 4128 1152 4187 down‚’
1163 4144 1183 4177 e.
1193 4143 1217 4191 g.
1236 4129 1311 4178 Tusc.

113 4192 246 4258 optimates
254 4191 639 4256 againstPompey'slife:Attii.
648 4204 686 4254 24.
738 4195 771 4242 D.
796 4194 831 4242 iii.
854 4192 885 4242 66
913 4192 955 4257 qni
981 4193 1144 4242 concidentem
1170 4193 1312 4243 vulneribus

146 4272 170 4320 4.
188 4262 216 4307 el
232 4263 394 4306 confitenti:
412 4259 451 4306 ior
467 4258 508 4307 the
526 4258 644 4306 insertion
661 4257 690 4305 of
738 4260 784 4308 Cn.
808 4260 958 4323 Pompeium
983 4259 1108 4317 vidissent,
1131 4265 1176 4307 not
1199 4267 1226 4308 to
1249 4259 1312 4308 ‘sall

113 4323 156 4371 the
173 4322 364 4372 demonstrative
381 4338 493 4387 pronoun
511 4323 541 4372 ei.
555 4323 614 4373 Div.
626 4322 641 4370 i.
655 4333 686 4385 57
738 4325 847 4388 together
867 4323 946 4374 wite?
979 4324 1034 4372 The
1056 4323 1129 4372 latter
1151 4324 1268 4388 meaning
1290 4324 1312 4373 is

114 4396 167 4438 tum
190 4389 215 4437 ei
234 4388 371 4436 dorrrec'enti
388 4388 496 4437 eundem
516 4388 588 4436 illum
606 4388 686 4436 visum
737 4390 862 4454 conveyed
875 4391 908 4453 by
919 4405 973 4438 une
984 4389 1114 4449 concidere,
1126 4404 1147 4439 e.
1155 4405 1179 4452 g.
1191 4405 1245 4438 nno
1256 4404 1312 4438 cunc

114 4469 167 4504 esse
183 4470 280 4519 rogare,
300 4453 366 4503 Phil
379 4454 430 4503 xiii.
444 4467 482 4515 ro,
495 4453 554 4503 Nat.
567 4455 602 4503 D.
618 4454 634 4502 i.
648 4462 686 4517 72.
737 4462 799 4520 rep.
811 4455 941 4516 concidere,
953 4454 1009 4505 Sen.
1024 4455 1150 4518 17,D01n
1163 4453 1203 4518 63.

699 4551 722 4604 C
