2926 4928
157 345 220 413 124
494 327 707 394 scHoLrA
739 325 1009 394 Boarausrn

199 502 366 586 Quoniam
393 512 428 568 et
453 522 575 585 augere
604 511 736 587 poterat
766 503 924 568 invidiam
957 502 1105 579 Milonis,
1128 510 1163 565 et
1193 518 1367 566 commen·
1460 556 1461 571 ,

155 607 301 673 dabilem
324 608 432 671 facere
454 607 649 671 memoriam
666 607 702 672 P.
722 606 821 671 Clodi
838 607 974 691 Appiae
995 608 1068 671 viae
1094 607 1232 680 mentio,
1253 605 1287 668 in
1302 624 1368 686 qua
1459 591 1461 599 ¹

157 712 320 776 maiorum
337 712 408 775 eius
424 711 541 776 titulus
557 711 733 789 eminebat,
750 732 885 776 omnem
901 711 987 777 hanc
1003 711 1178 775 materiam
1194 709 1368 774 cuiusdam

156 816 248 879 taciti
259 814 378 879 favoris
390 815 562 879 defloravit
572 823 684 879 orator
695 839 702 879 :
714 817 808 899 quasi
822 836 862 879 ea
875 835 942 879 non
955 825 1212 879 monumentum
1223 810 1369 876 familiae

157 940 236 984 suae
260 920 293 982 P.
311 918 448 983 Clodius
470 918 632 998 habuerit,
655 919 714 983 sed
738 919 907 1002 quoddam
931 918 1093 984 scelerum
1118 917 1395 990 devorsorium25
1433 958 1435 962 .

158 1024 192 1087 in
203 1043 270 1107 qua
282 1023 442 1088 occidisse
455 1023 501 1086 M.
515 1024 616 1087 etiam
628 1023 797 1108 Papirium
810 1023 987 1087 videbatur
1002 1024 1150 1106 equitem
1163 1022 1368 1086 Romanum.

160 1128 213 1192 Eo
233 1126 358 1191 scilicet
376 1136 536 1210 tempore,
551 1147 618 1209 quo
640 1127 821 1192 decertatio
842 1128 968 1192 ibidem
988 1129 1074 1193 inter
1089 1124 1317 1209 Pompeianos
1335 1133 1369 1188 et

160 1230 262 1314 ipsius
293 1229 471 1294 factionem
504 1230 681 1294 commissa
713 1240 773 1302 est,
799 1251 874 1295 cum
902 1251 962 1314 per
987 1230 1138 1294 fraudem
1163 1229 1369 1292 emisissete

67 1385 71 1394 .
160 1335 311 1399 custodia
331 1334 483 1416 Tigranis
506 1334 610 1398 tilium
633 1355 740 1418 nuper
761 1356 806 1398 ex
822 1334 985 1400 Armenia
1007 1355 1065 1418 per
1090 1333 1152 1398 Cn.
1171 1331 1370 1415 Pompeium

160 1447 248 1504 sorte
264 1438 465 1521 captivitatis
478 1437 661 1503 abductum
675 1440 773 1523 eique
785 1448 1005 1520 postestatem
1019 1438 1214 1504 discedendi
1231 1436 1370 1500 liberam
1384 1459 1414 1495 10

161 1541 373 1625 permisisset,
394 1542 525 1607 videtur
551 1561 570 1606 e
595 1562 734 1607 numero
763 1543 1045 1627 Pompeianorum
1070 1540 1118 1608 M.
1142 1541 1296 1624 Papirius
1322 1541 1371 1603 in·

162 1655 357 1728 teremptus

207 1767 224 1851 q
255 1783 305 1832 22.
341 1765 517 1830 Dederas
551 1756 661 1842 enim,
693 1786 808 1851 quam
843 1777 1117 1833 contemneres
1152 1765 1372 1849 populares.

164 1869 346 1947 insanias,
365 1869 438 1934 iam
460 1869 549 1933 inde
570 1870 617 1934 ab
639 1870 915 1935 adulescentia
937 1872 1174 1935 documenta
1191 1868 1374 1934 maxima.

208 2032 215 2046 .
240 2029 247 2045 .
271 2029 278 2044 .
295 1982 478 2046 orationem
492 1990 700 2047 converterat
715 1982 758 2046 ad
772 1982 812 2045 L.
827 1982 1016 2046 Domitium
1032 1983 1267 2067 quaesitorem,
1280 1980 1374 2044 cuius
1389 2011 1416 2061 15

165 2086 312 2150 animum
338 2086 407 2150 sine
430 2083 532 2148 dubio
557 2094 594 2149 ut
624 2085 788 2150 efficacius
812 2085 931 2151 Miloni
962 2086 1152 2150 adiuvando
1183 2084 1376 2150 conciliaret

166 2190 322 2255 adversus
346 2189 508 2272 impetum
532 2189 773 2268 seditiosorum,
789 2191 1043 2257 commonefecit
1066 2211 1143 2254 eum
1165 2189 1376 2253 constantiae

167 2315 255 2371 suae,
280 2293 372 2357 cuius
399 2292 554 2375 exempla
579 2294 722 2359 edidisse
749 2315 854 2375 nuper
883 2295 916 2358 in
943 2294 1166 2360 adulescentia
1188 2293 1375 2356 videbatur.

166 2397 257 2462 Nam
280 2417 382 2479 quum
407 2395 445 2461 C.
469 2396 627 2461 Manilius
650 2406 727 2480 post
749 2419 874 2462 annum
896 2399 1085 2463 tribunatus
1108 2397 1168 2473 sui,
1183 2417 1286 2480 quem
1306 2407 1376 2460 tur·

167 2501 397 2569 bulentissime
433 2511 589 2582 gesserat,
625 2521 759 2566 causam
797 2503 839 2566 de
878 2503 1052 2567 maiestate
1091 2502 1241 2566 dicturus
1280 2509 1418 2578 essetne

168 2614 344 2672 accusante
368 2603 430 2670 Cn.
453 2605 614 2685 Munici0,
637 2605 671 2670 id
694 2607 764 2690 egit
786 2627 845 2688 per
870 2606 1117 2672 multitudinem
1141 2605 1377 2687 conspiratam,
1438 2631 1441 2636 ·

169 2720 209 2774 nt
235 2710 400 2774 obsideret
430 2709 571 2773 eundem
601 2709 661 2774 Cn.
693 2710 878 2775 Municium
912 2720 1139 2775 accusatorem
1169 2729 1288 2788 suum;
1326 2709 1378 2774 cui

170 2815 307 2880 obsesso
329 2812 491 2876 auxilium
510 2812 594 2878 tulit
620 2816 803 2900 adgregata
829 2816 992 2880 bonorum
1019 2813 1244 2879 multitudine
1259 2813 1299 2876 L.
1323 2811 1377 2875 hic

173 2917 351 2993 Domitius,
378 2918 420 2980 ad
451 2937 551 3000 quern
582 2917 736 3001 loquitur,
762 2928 796 2984 et
825 2940 926 3003 quem
950 2917 1021 2982 vult
1051 2918 1083 2981 in
1113 2917 1378 3001 praesentiarum

173 3043 281 3088 rerum
305 3021 462 3104 exempla
485 3021 573 3086 illius
595 3023 725 3105 pristini
747 3023 871 3106 vigoris
893 3023 1025 3088 imitari.
1392 3028 1419 3078 ²⁵

217 3146 234 3230 b
265 3162 316 3228 29.
357 3142 504 3207 Statim
543 3143 764 3227 complures
807 3145 844 3208 in
881 3144 982 3210 hunc
1018 3143 1170 3208 iaciunt
1206 3143 1252 3205 de
1291 3141 1380 3207 loco

174 3249 381 3334 superiore
403 3247 601 3330 impetum.

219 3363 298 3425 Pars
320 3359 402 3423 haec
424 3358 620 3422 narrationis
641 3358 812 3443 aliquanto
835 3358 999 3425 turbatior
1016 3369 1075 3423 est.
1122 3357 1202 3422 Sine
1220 3357 1326 3423 dubio
1346 3356 1380 3420 in

176 3486 216 3530 ea
245 3463 350 3529 multa
375 3461 563 3544 finguntur3
594 3482 708 3528 verum
736 3462 823 3528 hanc
849 3484 984 3528 omnem
1011 3461 1276 3527 confusissimam
1307 3480 1379 3544 per·

176 3569 375 3634 mixtionem
402 3567 521 3632 cursim
549 3566 787 3651 praetervolat:
822 3587 889 3631 non
916 3567 1004 3631 enim
1031 3566 1155 3630 debent
1181 3585 1258 3631 cum
1287 3585 1425 3635 morano

177 3673 333 3756 protrahi,
356 3691 441 3754 quae
463 3670 565 3734 videri
588 3670 748 3735 iudicibus
775 3679 914 3753 possunt
936 3670 1071 3754 aliquod
1095 3669 1217 3734 habere
1239 3667 1382 3751 figmen-

177 3789 249 3842 tum
263 3801 271 3854 3
295 3798 337 3841 ne
353 3786 471 3851 orator,
488 3777 514 3838 si
531 3774 705 3839 laciniosus
722 3777 773 3854 sit,
789 3777 821 3839 in
838 3776 1014 3840 mendacio
1030 3773 1306 3858 deprehendatur.

221 3906 263 3970 ib.
286 3905 481 3989 Adgressi
504 3905 699 3969 redarium
723 3905 917 3969 occidunt.

224 4018 318 4102 Quos
340 4037 426 4081 nunc
440 4016 542 4099 vulgo
565 4015 727 4081 muliones
750 4017 898 4092 dicimus,
914 4036 971 4080 eos
993 4016 1129 4095 scilicet,
1150 4015 1207 4097 qui
1233 4015 1384 4079 iumenta

181 4122 338 4188 vehiculis
354 4121 528 4186 subiuncta
543 4121 756 4185 moderantur
772 4129 806 4184 et
821 4130 949 4203 regunt,
962 4141 1019 4184 eos
1033 4128 1169 4194 veteres,
1181 4128 1217 4183 ut
1233 4120 1383 4182 animad-
1399 4135 1427 4185 35

181 4227 291 4306 vertiS,
322 4225 465 4290 redarios
500 4223 679 4303 dicebant;
716 4223 880 4288 muliones
914 4233 1027 4288 autem
1060 4223 1193 4306 proprie
1229 4243 1297 4300 eos,
1325 4223 1384 4304 qui

367 4418 391 4466 4.
410 4417 448 4460 ea,
462 4399 561 4464 Stangl,
574 4399 646 4451 cod:
664 4416 727 4450 eam.

368 4479 390 4534 7.
408 4469 447 4517 Eo
460 4503 466 4518 .
481 4502 488 4517 .
503 4503 510 4518 .
525 4468 701 4531 interemptus,
720 4467 757 4516 ita
769 4466 848 4516 locum
861 4465 1025 4531 interpunxit
1035 4465 1136 4530 Stangl,
1147 4470 1217 4514 recte.
