2926 4928
490 1033 643 1128 PRO
702 1030 1044 1133 MILONE

183 1305 341 1370 [Deviations
351 1305 415 1356 from
425 1305 469 1356 the
479 1311 531 1356 text
542 1304 570 1355 oi
578 1304 706 1369 Kiessling
717 1304 767 1354 and
778 1303 864 1355 Schiill
875 1319 916 1354 are
927 1303 1045 1354 recorded
1056 1303 1083 1353 in
1095 1302 1138 1354 the
1149 1301 1245 1353 critical
1259 1299 1354 1365 notes]

213 1541 327 1606 HANC
352 1540 571 1625 (orationem)
595 1541 682 1605 dixit
707 1539 766 1605 Cn.
790 1541 951 1624 Pompeio
971 1541 1025 1604 III
1045 1561 1111 1605 cos.
1133 1562 1162 1606 a.
1177 1541 1211 1606 d.
1227 1541 1307 1604 Vll
1320 1539 1374 1604 Id.

169 1644 277 1728 April.
320 1645 421 1729 Quod
444 1646 600 1710 iudicium
623 1664 698 1710 cum
722 1656 881 1728 ageretur,
908 1645 1092 1708 exercitum
1119 1644 1152 1708 in
1178 1643 1251 1709 foro
1276 1652 1310 1707 et
1339 1643 1375 1706 in

170 1748 323 1813 omnihus
352 1748 485 1833 templis
513 1769 597 1833 quae
627 1749 748 1813 circum
775 1748 884 1813 fomm
915 1757 993 1812 sunt
1024 1748 1225 1814 collocatum
1258 1770 1277 1812 a
1310 1745 1375 1810 Cn.

171 1852 331 1936 Pompeio
353 1853 450 1917 fuisse
469 1873 536 1916 non
554 1860 684 1915 tantum
708 1873 752 1914 ex
771 1853 922 1916 oratione
943 1862 976 1917 et
992 1851 1176 1929 annalibus,
1193 1851 1252 1915 sed
1269 1851 1404 1919 etiams

172 1976 216 2019 ex
238 1956 321 2020 libro
346 1965 484 2040 apparet
511 1957 568 2038 qui
591 1955 759 2021 Ciceronis
789 1957 924 2019 nomine
954 1955 1143 2021 inscribitur
1172 1956 1215 2019 de
1241 1956 1375 2038 optimo

171 2080 292 2143 genere
314 2071 490 2125 oratorum.

537 2263 816 2330 Aacuuuuruu
841 2276 918 2330 Hoc
940 2279 1009 2329 as‘r

219 2416 304 2501 (T.)
332 2417 465 2483 Annius
488 2418 571 2483 Milo
596 2428 629 2483 et
652 2418 689 2482 P.
712 2419 861 2484 Plautius
886 2419 1067 2503 Hypsaeus
1094 2429 1128 2484 et
1152 2419 1194 2503 Q.
1218 2418 1378 2484 Metellus

175 2521 289 2605 Scipio
304 2521 511 2588 consulatum
528 2522 693 2604 petierunt
708 2543 775 2586 non
787 2523 896 2589 solum
909 2523 1084 2607 largitione
1099 2523 1212 2606 palam
1229 2523 1376 2605 profusa,
1391 2546 1423 2584 10

107 2608 119 2625 κ
174 2627 232 2690 sed
260 2626 359 2690 etiam
385 2625 581 2690 factionibus
603 2635 806 2690 armatorum
829 2628 997 2692 succincti.
1055 2625 1172 2690 Miloni
1196 2636 1230 2691 et
1255 2625 1378 2692 Clodio

174 2748 326 2793 summae
344 2740 437 2792 erant
458 2729 658 2808 inimicitiae,
674 2732 765 2814 quod
787 2740 821 2795 et
841 2731 925 2794 Milo
941 2729 1111 2796 Ciceronis
1127 2739 1199 2795 erat
1214 2729 1377 2795 amicissi-

175 2853 250 2896 mus
263 2831 297 2894 in
310 2833 562 2916 reducendoque
574 2854 614 2898 eo
621 2835 724 2911 ,enine
733 2855 870 2917 operam
880 2844 920 2898 tr.
931 2833 975 2917 pl.
986 2836 1133 2910 dederat,
1143 2846 1177 2900 et
1190 2834 1225 2898 P.
1237 2834 1378 2898 Clodius

174 2937 328 3000 restituto
343 2956 477 3020 quoque
493 2935 644 3001 Ciceroni
661 2948 731 3002 erat
753 2937 980 3003 infestissimus
1003 2938 1143 3022 ideoque
1160 2958 1291 3004 summe
1307 2947 1378 3002 stu·

174 3040 276 3104 debat
293 3039 454 3121 Hypsaeo
470 3049 504 3104 et
521 3040 669 3125 Scipioni
690 3052 804 3106 contra
821 3043 992 3107 Milonem.
1038 3040 1091 3104 Ac
1111 3061 1210 3123 saepe
1234 3041 1320 3105 inter
1342 3062 1379 3105 se
1393 3057 1423 3107 15

126 3154 161 3200 aa
176 3143 259 3207 Milo
283 3153 316 3206 et
339 3142 476 3207 Clodius
499 3165 573 3209 cum
597 3146 664 3209 suis
685 3146 881 3210 factionibus
900 3142 904 3228 1
926 3145 1057 3209 Romae
1083 3144 1377 3229 depugnaverant:

128 3300 132 3307 .
160 3250 210 3325 let
225 3257 318 3311 erant
333 3257 473 3330 uterque
489 3248 627 3312 audacia
644 3269 751 3334 pares,
767 3251 826 3313 sed
842 3249 926 3314 Milo
942 3270 1002 3333 pro
1018 3248 1211 3313 melioribus
1226 3248 1379 3331 partibus

158 3348 296 3414 stabat.
343 3352 514 3416 Praeterea
534 3353 567 3415 in
586 3354 729 3418 eundem
749 3375 872 3419 annum
896 3352 1105 3418 consulatum
1128 3352 1221 3427 Milo,
1239 3351 1380 3416 Clodius

176 3464 364 3538 praeturam
389 3455 536 3538 petebat,
551 3476 652 3539 quam
676 3457 821 3522 debilem
846 3459 990 3521 suturam
1016 3456 1151 3520 consule
1176 3455 1305 3519 Milone
1329 3455 1379 3518 in·

178 3557 365 3640 tellegebat.
412 3559 543 3623 Deinde
570 3579 646 3624 cum
673 3561 731 3625 diu
757 3570 865 3626 tracta
890 3568 1001 3624 essent
1028 3558 1165 3622 comitia
1191 3556 1379 3622 consularia
1394 3576 1425 3614 20

177 3661 358 3746 perficique
382 3662 427 3725 ob
447 3683 503 3728 eas
524 3663 613 3746 ipsas
630 3666 777 3747 perditas
796 3664 1050 3728 candidatorum
1069 3661 1295 3727 contentiones
1312 3682 1379 3728 non

397 3855 419 3891 2.
432 3841 577 3895 orationem.
588 3843 670 3908 suppl.
681 3843 725 3894 KS
736 3844 762 3893 in
772 3841 908 3893 Addendis.
1007 3841 1069 3902 VII,
1081 3839 1183 3907 scripsi:
1201 3841 1248 3890 VI.

214 4010 561 4074 2.ad.v11:seep.127.
800 4025 841 4074 49.
863 4024 886 4069 a,
904 4010 952 4060 and
970 4010 1042 4060 Caes.
1063 4010 1092 4060 Β.
1104 4009 1133 4060 C.
1152 4008 1178 4059 ii.
1195 4008 1218 4058 6.
1238 4022 1252 4072 5
1273 4007 1380 4072 [Krebs-

213 4074 235 4124 6.
253 4081 287 4124 de
297 4081 353 4133 opt.
367 4089 430 4133 gen.
441 4091 499 4126 on:
519 4081 531 4135 5
547 4089 585 4126 10.
802 4075 893 4140 Allg.].
927 4076 1051 4126 Asconius
1067 4090 1122 4124 uses
1138 4075 1158 4125 it
1177 4075 1259 4140 again,
1273 4088 1306 4137 34
1317 4075 1379 4124 dice-

213 4145 285 4204 9.1².
305 4145 439 4190 l’lauttuu
459 4147 626 4200 Enneunr
654 4157 694 4192 see
711 4158 755 4206 pp.
800 4142 983 4206 bantuterquc.

178 4207 227 4261 xix,
240 4206 323 4256 xxviii.
837 4221 874 4271 19.
892 4213 1014 4257 debilem
1025 4243 1032 4256 .
1045 4244 1051 4256 .
1063 4243 1069 4257 .
1081 4211 1203 4257 unone:
1221 4205 1380 4270 aquotation

215 4282 251 4334 17.
270 4278 353 4321 erent
369 4277 500 4330 uterque:
527 4273 577 4322 this
598 4289 642 4323 use
664 4273 694 4321 os
713 4273 756 4322 the
801 4272 865 4322 from
885 4273 927 4323 the
946 4272 1035 4338 speech
1049 4276 1061 4331 5
1076 4285 1114 4334 25.
1148 4271 1182 4322 So
1200 4278 1282 4320 tracta
1300 4278 1381 4321 essent

179 4336 261 4401 plural
278 4339 336 4386 verb
352 4337 413 4386 with
431 4343 535 4402 uterque
550 4338 572 4387 is
586 4337 676 4403 chiefly
687 4345 755 4388 ante·
801 4354 860 4390 com.
872 4338 893 4388 is
904 4338 979 4389 taken
991 4339 1082 4397 srom§
1098 4352 1137 4401 ²4·

180 4403 230 4451 and
241 4403 431 4468 post-classical,
444 4403 474 4454 cf.
484 4403 598 4454 however
607 4404 667 4454 Sall.
678 4403 754 4454 Catil.
