2926 4928
393 310 492 377 PRO
526 313 560 379 T.
592 313 751 378 ANNIO
772 312 990 379 MILONE.
1251 327 1293 397 73

95 498 225 553 tanturn
242 489 274 552 in
290 488 461 553 consulatu
475 511 549 554 meo
565 511 627 573 pro
642 491 736 554 vobis
752 511 790 554 ac
806 490 917 555 liberis
932 482 1050 554 vestris
1066 511 1165 554 ausus
1177 509 1295 566 essem,

95 594 121 656 si
142 595 185 672 id,
204 593 294 676 quod
319 594 470 672 conabar,
489 595 560 657 sine
580 594 736 658 maximis
757 595 1026 658 dimicationibus
1046 595 1126 657 meis
1149 614 1202 656 me
1223 613 1295 656 esse

94 718 252 761 ausurum
282 698 479 761 arbitrarer?
539 697 635 780 Quae
665 697 782 762 mulier
812 697 995 761 interficere
1025 698 1221 769 sceleratum
1255 717 1296 761 ac

94 801 314 882 perniciosum
350 801 455 864 civem
491 822 556 864 non
591 803 736 876 auderet,
767 802 794 863 si
825 802 1006 884 periculum
1036 822 1102 864 non
1139 803 1295 865 timeret?

65 918 80 968 5
97 906 269 988 Proposita
291 907 424 984 invidia,
440 917 555 984 morte,
574 928 684 990 poena
699 907 756 989 qui
773 907 875 970 nihilo
894 909 1026 990 segnius
1042 928 1110 970 rem
1126 906 1295 991 publicam

94 1008 251 1085 defendit,
278 1011 306 1073 is
330 1010 380 1073 vir
405 1030 482 1072 vere
511 1011 678 1094 putandus
706 1021 765 1075 est.
811 1011 928 1094 Populi
955 1012 1040 1094 grati
1064 1020 1114 1074 est
1141 1011 1295 1093 praemiis
1363 1092 1367 1098 ·

94 1113 235 1177 adficere
251 1107 336 1177 bene
352 1113 488 1178 meritos
503 1114 545 1177 de
561 1134 595 1177 re
611 1114 745 1198 publica
764 1115 862 1191 cives,
876 1116 937 1177 viri
959 1116 1051 1179 fortis
1069 1136 1110 1178 ne
1125 1114 1295 1199 suppliciis

92 1217 228 1300 quidem
259 1217 393 1294 moveri,
424 1225 461 1279 ut
491 1215 619 1282 sortiter
648 1219 763 1282 secisse
793 1219 969 1301 paeniteat.
1016 1218 1127 1301 Quam
1150 1218 1195 1280 ob
1223 1238 1294 1282 rem
1307 1238 1343 1284 83

94 1331 242 1384 uteretur
261 1321 380 1384 eadem
402 1319 607 1385 confessione
628 1322 667 1385 T.
684 1322 824 1400 Annius,
847 1343 913 1405 qua
935 1321 1055 1396 Ahala,
1076 1343 1142 1404 qua
1163 1322 1295 1400 Nasica,

50 1444 81 1479 10
94 1444 161 1506 qua
176 1424 341 1508 Opimius,
357 1444 423 1506 qua
439 1424 575 1499 Marius,
588 1445 656 1507 qua
668 1436 799 1489 nosmet
812 1426 882 1508 ipsi,
893 1437 926 1490 et
941 1427 968 1489 si
984 1435 1079 1508 grata
1095 1446 1145 1489 res
1162 1424 1294 1508 publica

95 1538 190 1606 esset,
211 1527 398 1606 laetaretur,
414 1529 441 1592 si
463 1529 603 1612 ingrata,
622 1539 735 1594 tamen
759 1531 793 1593 in
816 1530 909 1612 gravi
938 1529 1069 1608 fortuna
1093 1530 1294 1594 conscientia

93 1652 154 1695 sua
169 1632 335 1697 niteretur.

139 1735 207 1800 Sed
229 1736 325 1800 huius
347 1736 487 1800 benefici
513 1736 665 1819 gratiam,
685 1738 820 1815 iudices,
838 1739 984 1802 Fortuna
1008 1736 1124 1820 populi
1148 1737 1293 1800 Romani

94 1848 128 1904 et
143 1849 252 1904 vestra
268 1838 407 1904 felicitas
423 1851 456 1905 et
474 1842 508 1903 di
527 1841 731 1906 immortales
746 1841 808 1905 sibi
824 1842 937 1905 deberi
953 1851 1083 1924 putant.
1128 1841 1200 1905 Nec
1215 1862 1294 1905 vero

50 1971 80 2022 15
94 1944 270 2026 quisquam
286 1943 382 2009 aliter
401 1944 552 2009 arbitrari
574 1955 694 2029 potest,
714 1945 776 2007 nisi
796 1946 852 2027 qui
875 1944 998 2008 nullam
1017 1945 1084 2009 vim
1109 1965 1181 2009 esse
1203 1946 1295 2009 ducit
1322 2022 1326 2029 ¹

94 2067 282 2130 numenque
298 2048 459 2125 divinum,
475 2068 575 2130 quem
594 2069 702 2131 neque
717 2049 833 2132 imperi
854 2050 956 2112 nostri
978 2049 1172 2132 magnitudo
1188 2070 1295 2131 neque

93 2151 142 2215 sol
168 2150 223 2215 ille
250 2172 310 2215 nec
336 2151 419 2216 caeli
445 2151 681 2235 signorumque
704 2163 814 2218 motus
838 2173 900 2216 nec
922 2153 1164 2216 vicissitudines
1187 2173 1294 2215 rerum

92 2265 195 2337 atque
217 2256 349 2320 ordines
372 2265 508 2320 movent
529 2276 647 2338 neque,
667 2257 701 2320 id
725 2258 813 2338 quod
839 2257 1025 2319 maximum
1050 2266 1108 2329 est,
1131 2257 1293 2319 maiorum

129 2404 150 2440 1.
169 2405 226 2440 meo
237 2406 283 2440 am.
297 2391 333 2439 H.
473 2404 495 2438 n.
513 2390 596 2455 quod:
613 2406 669 2439 cum
681 2391 712 2440 E.
813 2391 1032 2441 dimicationibus:
1049 2391 1244 2454 cogitationibus.
1259 2391 1295 2440 H.

95 2468 117 2516 3.
135 2456 277 2518 interficere,
289 2456 333 2505 trac
343 2457 391 2505 laco
403 2457 470 2505 HE:
481 2463 539 2521 past
549 2456 628 2506 civem
639 2456 678 2516 T;
689 2457 768 2506 cadem
780 2458 828 2507 laea
839 2457 950 2507 occidere
961 2459 982 2506 δ.
1082 2470 1103 2518 7.
1121 2457 1185 2505 cives
1196 2472 1243 2506 am.
1257 2457 1292 2506 H.

92 2521 197 2570 viriam.
211 2522 246 2571 H.
322 2524 345 2572 8.
364 2530 391 2570 ut
402 2538 449 2572 ant.
461 2522 493 2571 T.
579 2535 616 2569 10.
633 2523 802 2586 respublica:
819 2523 904 2572 resH.
991 2535 1028 2583 13.
1047 2523 1173 2571 Fortuna:
1182 2521 1294 2584 fhrtuna

92 2587 149 2636 edd.
161 2603 167 2644 ;
183 2603 230 2636 am.
244 2587 279 2637 H.
389 2585 427 2637 16.
444 2602 583 2653 numenque
595 2588 638 2636 H:
656 2589 787 2637 nullumve
798 2587 853 2638 rell.
962 2590 1000 2637 18.
1018 2589 1141 2637 maiorum
1153 2594 1293 2636 nostrorum

94 2653 149 2701 Hs:
167 2653 293 2702 maa'oracm
305 2652 395 2715 ΤΕσχ.

93 2767 154 2816 with
166 2767 209 2816 the
221 2783 313 2818 messes
324 2773 351 2816 at
362 2767 443 2817 Rome
454 2767 484 2817 ct
498 2767 578 2817 Atti.
592 2766 630 2818 16.
644 2781 666 2827 1,
720 2767 821 2882 epualgy
830 2767 926 2833 simple.
955 2768 1006 2817 For
1015 2767 1170 2832 corruptions
1182 2767 1211 2816 of
1219 2774 1293 2831 resp.

97 2845 134 2893 11,
147 2836 195 2882 &a
720 2836 777 2893 c.§
807 2847 859 2896 5n.

129 2911 150 2946 1.
168 2913 244 2948 neo:
261 2897 292 2946 ci.
305 2896 370 2949 Rab.
385 2898 501 2949 Perd.1o
514 2914 554 2948 me
567 2900 594 2948 in
609 2915 667 2949 con·
755 2913 793 2961 13.
813 2906 940 2949 Fortuna
956 2904 1054 2958 populi
1072 2903 1207 2948 nonant:
1232 2899 1294 2947 Far·

93 2964 176 3013 sulatu
198 2979 256 3013 mea.
301 2964 389 3013 Cicero
411 2963 520 3028 delights
542 2972 569 3013 to
592 2964 667 3014 dwell
719 2971 785 3014 tuna
801 2965 859 3014 here
879 2966 900 3014 is
918 2964 1066 3029 personified
1085 2965 1135 3013 and
1152 2963 1243 3013 should
1264 2965 1294 3014 be

94 3037 226 3093 upon⁸my
237 3029 396 3093 consulship,'
407 3045 436 3078 as
447 3031 489 3079 the
501 3029 549 3080 rell.
562 3031 588 3079 in
601 3031 666 3079 Mer·
720 3031 784 3094 spelt
795 3031 856 3080 with
867 3048 883 3081 a
891 3029 997 3095 capital:
1016 3030 1047 3079 cs.
1056 3030 1131 3090 Ovid,
1139 3030 1207 3079 Fast.
1214 3046 1236 3079 v.
1246 3039 1294 3093 729

92 3101 152 3158 guet
168 3094 245 3144 show.
279 3094 427 3144 Sometimes
446 3094 479 3145 he
498 3096 572 3144 omits
590 3111 667 3158 mant,
719 3112 764 3145 nec
775 3103 800 3145 te
817 3105 952 3160 praetereo,
964 3095 1053 3160 populi
1065 3096 1173 3145 Fortuna
1184 3095 1294 3159 potentis

93 3177 113 3210 e.
122 3176 147 3224 g.
160 3160 231 3209 Fam.
244 3177 268 3209 v.
282 3174 304 3209 a.
317 3161 332 3208 8
344 3177 383 3210 ma
393 3161 419 3210 in
430 3161 565 3210 consulatu.
719 3162 830 3217 Publica,
837 3162 877 3210 cui
883 3161 1004 3226 templum
1009 3160 1064 3210 luce
1072 3168 1187 3225 sequente
1194 3161 1293 3221 daturn3

127 3239 150 3274 a.
162 3232 248 3284 qnod:
267 3225 310 3275 the
321 3227 415 3274 vadant
426 3242 483 3275 cum
499 3227 520 3274 is
536 3225 667 3290 plausible,
720 3227 751 3277 cf.
765 3230 794 3286 §5
807 3227 846 3291 69.
859 3229 891 3292 87
904 3243 931 3276 n.

94 3305 128 3340 sc.
147 3294 190 3340 ‘at
208 3291 250 3340 the
267 3293 328 3341 time
344 3290 417 3340 when
435 3291 448 3340 I
464 3291 551 3348 acted:
570 3292 616 3341 but
635 3291 667 3341 ci.
756 3306 794 3356 14.
811 3307 863 3342 neo
873 3308 960 3342 vero:
977 3291 1015 3340 sor
1026 3291 1068 3341 the
1079 3291 1145 3339 lacus
1155 3290 1294 3339 communis

96 3361 191 3420 553n.
719 3358 777 3407 here
805 3358 951 3408 introduced
977 3358 1008 3406 cf.
1035 3357 1140 3420 Quintil.
1167 3372 1190 3404 v.
1215 3368 1238 3420 7.
1262 3369 1292 3419 35

126 3427 373 3473 dimicauonihun:
401 3420 492 3479 ‘riske'
519 3438 548 3472 so
577 3427 589 3482 5
620 3435 668 3470 100
720 3430 853 3473 tractatum
864 3423 1025 3487 generalem.
1043 3461 1049 3473 .
1066 3458 1072 3469 .
1089 3427 1225 3486 regaturne
1233 3428 1293 3486 pro·

94 3487 221 3536 dimicatio
242 3487 332 3552 capitis
343 3488 437 3538 =‘riclr
454 3488 484 3537 ol
499 3489 580 3553 losing
600 3489 668 3537 one's
719 3489 834 3539 videntia
846 3489 963 3538 mundus.

94 3552 186 3618 capnt’
200 3553 231 3602 ci.
248 3554 303 3602 Liv.
321 3553 346 3601 ii.
366 3566 403 3602 12.
421 3567 452 3601 10
468 3562 496 3603 nt
512 3554 538 3602 in
558 3554 668 3618 singulas
755 3553 792 3602 16.
810 3569 1002 3612 numenquez·
1020 3551 1239 3615 ue=‘orinfine‚’
1251 3557 1294 3602 ‘or

95 3620 170 3667 horas
186 3620 265 3683 eapite
283 3619 385 3668 dimices
401 3625 461 3676 tuo:
484 3620 554 3668 Fam.
572 3620 590 3669 i.
610 3628 631 3682 7.
652 3634 666 3683 5
720 3618 873 3685 altogether’
891 3620 912 3668 is
932 3620 981 3669 add
1032 3628 1059 3669 to
1077 3618 1120 3669 the
1139 3633 1207 3668 more
1224 3635 1293 3668 com·

93 3691 121 3733 ut
145 3683 176 3731 ad
200 3692 293 3733 certam
321 3684 420 3735 laudem
443 3685 571 3746 adhortor,
593 3685 630 3734 ita
652 3701 668 3734 a
720 3685 864 3749 prehensive
881 3693 952 3746 term,
970 3701 1010 3735 see
1029 3685 1088 3735 RH.
1109 3686 1171 3749 198:
1194 3685 1244 3733 and
1261 3684 1293 3733 cf.
1379 3719 1381 3722 ι

93 3750 253 3799 dimicatione
267 3749 385 3800 deterreo.
421 3751 477 3799 The
486 3752 555 3800 word
568 3751 590 3799 is
601 3751 667 3800 osten
720 3751 780 3826 Leg.
802 3752 828 3800 ii.
852 3751 881 3800 16
905 3753 932 3800 in
955 3752 1027 3800 caelo
1049 3750 1196 3815 mundoque.
1238 3749 1293 3798 The

91 3814 177 3878 joined
189 3817 249 3864 with
259 3815 402 3873 discrimen,
413 3833 434 3866 e.
444 3832 468 3880 g.
480 3815 542 3866 Sest.
557 3830 577 3878 1,
593 3820 639 3866 &c
720 3816 863 3879 disjunctive
880 3831 921 3866 ·vc
940 3824 1064 3882 separates
1083 3815 1126 3865 the
1145 3824 1196 3864 two
1215 3814 1292 3876 ideas,

130 3892 167 3930 10.
184 3896 233 3930 ren
243 3897 285 3939 p:
304 3881 314 3928 I
327 3884 403 3930 retain
418 3883 460 3932 the
472 3881 587 3945 ordinary
598 3882 666 3931 read·
719 3897 740 3931 e.
748 3897 773 3945 g.
786 3882 851 3932 Phil.
864 3899 886 3933 v.
902 3896 933 3944 13
941 3899 1001 3932 uum
1010 3882 1079 3946 leges
1088 3887 1193 3939 nostras,
1204 3895 1293 3930 mores·

94 3945 144 4009 ing,
157 3946 188 3997 cf.
202 3962 267 4012 supr.
274 3946 367 4012 papuli
376 3948 455 4012 grati.
490 3948 541 3996 lies
555 3948 587 4011 by
599 3946 670 3996 itsell
719 3963 750 3997 ve
760 3949 847 3998 novit?

93 4011 177 4061 would
186 4012 251 4076 yield
264 4029 279 4061 a
286 4013 354 4076 good
363 4029 441 4063 sense.
470 4017 564 4065 Gratus
574 4014 596 4062 is
606 4012 667 4062 used
756 4022 793 4076 17.
811 4020 855 4063 nol
861 4019 924 4063 1110:
936 4013 1062 4072 δεικτικῶς,
1074 4014 1127 4062 ‘the
1139 4027 1184 4062 sun
1196 4007 1294 4072 above,'

93 4077 155 4126 with
173 4078 246 4142 equal
270 4079 400 4142 frequency
422 4080 448 4128 in
471 4081 514 4129 the
536 4094 618 4128 senses
641 4077 669 4127 oi
720 4079 751 4128 cf.
764 4078 941 4144 Iuppiterille.

93 4142 237 4199 ‘thankiul,’
255 4144 304 4193 and
322 4144 452 4209 ‘pleasing
467 4142 524 4195 to’:
549 4145 668 4210 ingratus
753 4151 827 4195 osolt
843 4181 850 4193 .
868 4182 874 4194 .
892 4180 899 4192 .
916 4151 1029 4194 motu:
1045 4142 1102 4194 ‘the
1119 4143 1166 4205 sky
1181 4141 1252 4191 itself
1265 4157 1293 4192 as

93 4207 209 4259 however
225 4225 293 4259 more
309 4211 453 4275 commonly
464 4227 548 4262 means
563 4211 666 4259 ‘mank-
720 4210 787 4260 osten
800 4210 821 4259 is
833 4209 957 4276 supposed
968 4218 996 4272 tp
1008 4225 1088 4265 move,
1102 4207 1132 4257 cf.
1145 4208 1206 4257 Nat.
1220 4208 1253 4256 D.
1266 4206 1296 4255 ii.·

93 4272 158 4335 lcss’
178 4274 238 4326 than
259 4279 318 4326 ‘not
340 4276 455 4343 pleasing
476 4275 519 4327 t0.'
553 4277 604 4326 For
623 4277 667 4326 the
720 4287 752 4342 97
763 4283 815 4326 tam
827 4284 908 4327 certos
918 4275 982 4326 caeli
994 4272 1089 4324 motus’
1122 4271 1251 4338 [Colson].

93 4340 167 4390 latter
181 4356 249 4392 sense
263 4341 294 4390 cf.
311 4343 382 4391 Fam.
396 4359 420 4391 v.
437 4357 458 4406 5.
475 4357 504 4405 3:
522 4342 563 4392 vii.
584 4351 623 4405 η.
642 4356 665 4391 2.
755 4343 792 4392 18.
809 4348 952 4392 marom
970 4347 1150 4390 mnarum:
1173 4338 1215 4388 the
1236 4349 1294 4402 pos-⁴

93 4406 168 4456 From
190 4423 206 4456 a
227 4407 323 4456 textual
346 4409 418 4472 point
440 4409 470 4458 of
484 4409 548 4458 view
566 4409 609 4457 the
629 4407 665 4456 in·
719 4407 809 4457 sessive
816 4422 929 4473 pronoun
935 4405 1104 4472 givessulness
1112 4404 1160 4454 aud
1168 4404 1294 4468 emphasis

92 4473 184 4523 aertion
201 4474 250 4524 aud
267 4475 386 4524 omission
405 4475 435 4524 ol
443 4481 472 4543 p.
489 4474 552 4526 aster
569 4488 608 4524 res
624 4487 665 4523 are
719 4480 748 4524 to
766 4474 809 4523 the
827 4474 917 4524 clause.
959 4471 1125 4536 Krebs-Allg.
1143 4469 1293 4536 distinguish
