2926 4928
179 326 225 395 68
532 330 579 394 M.
616 329 646 393 Τ
646 329 761 395 ULLI
787 328 1045 396 CICERONIS

180 506 261 570 urbe
276 506 535 588 conscripturum
552 504 661 580 fuisse,
677 525 737 587 per
752 524 836 586 quos
855 511 962 568 totam
984 523 1054 566 rem
1076 501 1242 585 publicam
1261 522 1380 585 resque

179 611 324 694 privatas
341 609 488 672 omnium
505 608 713 691 possideret?

130 720 165 769 ‘17
223 713 335 797 Quam
350 714 394 776 ob
411 733 489 790 rem,
498 713 525 776 si
537 722 710 776 cruentum
722 711 870 794 gladium
882 722 997 776 tenens
1007 710 1163 774 clamaret
1172 710 1212 774 T.
1225 708 1378 772 Annius:

178 817 335 893 ‘Adeste
364 836 496 900 quaes0,
527 826 628 898 atque
656 817 779 890 audite,
810 817 918 894 cives'3
956 815 990 879 P.
1021 814 1177 879 Clodium
1209 813 1377 890 interfeci3

178 921 246 986 eius
271 920 403 997 furores,
426 940 510 1002 quos
536 920 632 983 nullis
653 920 719 984 iam
743 919 878 1002 legibus,
898 917 995 982 nullis
1018 918 1147 983 iudiciis
1168 917 1295 980 frenare
1317 936 1406 998 p0·5

177 1034 333 1100 teramus,
359 1024 422 1088 hoc
445 1021 530 1088 ferro
553 1034 587 1088 et
614 1023 676 1087 hac
699 1023 838 1087 dextera
859 1045 880 1087 a
902 1022 1081 1087 cervicibus
1102 1021 1219 1086 vestris
1241 1018 1379 1103 reppuli,

176 1149 236 1214 per
264 1150 317 1192 me
345 1136 382 1192 ut
408 1148 510 1191 unum
540 1128 590 1192 ius
616 1128 774 1211 aequitas,
803 1126 892 1210 leges
920 1126 1062 1204 libertas,
1085 1127 1192 1208 pudor
1220 1124 1379 1206 pudicitia

177 1231 345 1306 maneret‚'
370 1240 456 1294 esset
478 1252 557 1295 vero
579 1231 775 1309 timendum,
791 1251 935 1314 quonam
957 1231 1057 1293 modo
1076 1230 1109 1293 id
1130 1229 1229 1292 ferret
1244 1229 1377 1292 civitasl

177 1337 274 1400 Nunc
298 1337 385 1400 enim
408 1334 482 1417 quis
504 1342 564 1413 est,
586 1335 643 1417 qui
667 1355 734 1398 non
761 1334 886 1418 probet,
908 1334 965 1418 qui
992 1354 1059 1398 non
1085 1333 1207 1406 laudet,
1230 1333 1287 1415 qui
1310 1352 1378 1394 non

176 1461 278 1504 unum
311 1450 388 1523 post
422 1438 595 1502 hominum
628 1440 823 1502 memoriam
857 1439 897 1502 T.
931 1438 1083 1502 Annium
1117 1436 1295 1520 plurimum
1329 1436 1377 1500 rei
1393 1466 1424 1501 ιο

175 1544 327 1627 publicae
350 1543 518 1625 profuisse,
542 1542 691 1606 maxima
715 1542 843 1606 laetitia
870 1540 1031 1624 populum
1056 1541 1257 1618 Romanum,
1280 1560 1378 1604 cunc·

174 1657 244 1712 tam
268 1647 409 1720 Italiam,
427 1647 577 1710 nationes
592 1665 707 1709 omnes
724 1645 885 1710 adiecisse
900 1654 935 1708 et
951 1645 1041 1710 dicat
1056 1655 1091 1710 et
1105 1646 1250 1709 sentiat?
1296 1644 1377 1726 Non

174 1771 261 1833 queo
276 1760 388 1814 vetera
404 1749 459 1813 illa
475 1750 589 1832 populi
612 1749 757 1813 Romani
778 1751 899 1834 gaudia
922 1758 1046 1831 quanta
1069 1748 1189 1812 suerint
1209 1749 1376 1826 iudicare3

174 1855 295 1919 multas
311 1864 423 1918 tamen
439 1855 506 1916 iam
529 1874 734 1917 summorum
757 1853 993 1937 imperatorum
1015 1852 1206 1918 clarissimas
1221 1853 1376 1917 victorias

173 1967 267 2022 aetas
282 1967 394 2020 nostra
410 1958 502 2035 vidit,
518 1978 656 2040 quarum
678 1956 769 2021 nulla
792 1978 899 2040 neque
917 1968 987 2022 tam
1008 1957 1197 2022 diuturnam
1214 1956 1374 2022 laetitiam
1392 1983 1420 2033 15

123 2060 286 2127 reattulit
315 2081 376 2124 nec
405 2070 545 2126 tantam.
591 2061 752 2125 Mandate
782 2061 844 2125 hoc
875 2062 1063 2139 memoriae,
1091 2061 1222 2124 iudices.
1269 2059 1376 2144 Spero

174 2165 279 2229 multa
302 2186 362 2228 vos
386 2165 572 2247 liberosque
596 2175 723 2229 vestros
750 2165 783 2227 in
808 2186 842 2230 re
866 2165 999 2247 publica
1024 2166 1113 2229 bona
1138 2185 1211 2228 esse
1229 2164 1376 2244 visuros;

171 2269 204 2332 in
234 2271 276 2334 iis
306 2268 443 2352 singulis
474 2270 521 2332 ita
550 2289 683 2352 semper
711 2268 953 2344 existimabitis
979 2269 1055 2333 vivo
1086 2268 1121 2333 P.
1150 2267 1269 2332 Clodio
1294 2268 1375 2333 nihil

171 2393 285 2436 eorum
315 2394 376 2436 vos
402 2372 530 2436 visuros
561 2371 670 2436 fuisse.
717 2373 756 2435 In
787 2392 882 2456 spem
914 2373 1097 2436 maximam
1127 2380 1169 2450 et,
1197 2393 1297 2455 quem
1330 2375 1373 2437 ad

172 2478 309 2540 modum
327 2475 467 2554 confido,
486 2476 691 2540 verissimam
707 2497 821 2540 sumus
837 2475 981 2552 adducti,
999 2476 1085 2540 hunc
1108 2477 1216 2560 ipsum
1240 2496 1374 2554 annum,
1392 2508 1430 2559 20,

170 2580 233 2643 hoc
256 2601 387 2644 summo
413 2581 484 2642 viro
510 2578 652 2658 consule,
679 2600 869 2662 compressa
892 2579 1063 2643 hominum
1089 2579 1228 2655 licentia,
1249 2581 1376 2662 cupidi-

169 2683 295 2747 tatibus
312 2683 498 2758 coniractis,
514 2682 640 2765 legibus
655 2693 689 2746 et
704 2684 832 2747 iudiciis
846 2684 1040 2761 constitutis,
1055 2683 1233 2747 salutarem
1250 2685 1376 2750 civitati

203 2838 225 2892 7.
243 2828 273 2876 in
292 2827 393 2876 civitate
415 2827 472 2875 add.
496 2827 532 2876 H.
552 2833 609 2877 ente
631 2827 700 2891 leges,
718 2826 740 2875 E
760 2833 818 2891 post
838 2829 906 2891 leges,
924 2828 962 2876 Tr
985 2836 1042 2878 ante
1062 2833 1188 2878 nraneret:
1213 2844 1261 2892 ego
1284 2828 1373 2880 delevi.

169 2893 191 2941 8.
210 2900 340 2941 nranerenl
352 2909 387 2952 os,
400 2892 489 2942 Halm.
543 2906 580 2942 12.
598 2893 751 2943 adfecisseet
764 2894 820 2942 Ha:
837 2894 1004 2958 afficissetE3
1021 2895 1135 2958 adstant
1147 2895 1176 2943 Τ.
1248 2907 1287 2957 15.
1304 2895 1376 2946 laeti·

167 2959 228 3006 tium
240 2959 324 3008 attulit
337 2958 380 3006 H:
398 2958 487 3006 attulit
497 2958 620 3007 laetitiam
633 2958 686 3007 rell.
779 2968 815 3022 17.
833 2960 859 3007 in
871 2975 896 3008 re
908 2975 932 3023 p.
945 2959 1011 3008 bona
1023 2960 1081 3011 He:
1099 2960 1128 3009 in
1139 2975 1166 3008 rc
1178 2965 1206 3024 p.
1219 2960 1301 3009 multa
1312 2961 1375 3010 bona

167 3024 242 3080 TW;
261 3025 290 3072 in
301 3039 327 3072 re
333 3030 361 3087 p.
373 3030 455 3072 vestra
466 3024 528 3072 bona
542 3025 571 3072 E.
682 3025 720 3072 18.
737 3024 775 3083 iis,
787 3025 889 3075 Garat:
907 3025 948 3074 Iris
959 3025 1032 3075 codd.
1153 3037 1191 3073 21.
1208 3025 1313 3076 bocH:
1331 3028 1375 3077 hoc

167 3089 219 3153 2'p50
230 3088 285 3138 rell.
394 3103 432 3138 aa.
451 3089 583 3138 confractIs
596 3089 637 3138 H:
646 3088 743 3154 fractis
754 3089 808 3140 rell.

167 3220 227 3285 only
244 3228 271 3270 to
293 3222 335 3270 the
359 3221 492 3281 freedmen,
512 3222 556 3270 but
575 3238 636 3271 even
656 3228 683 3272 to
704 3222 746 3271 the

166 3287 255 3346 slaves,
275 3303 330 3349 eg.
353 3287 409 3336 Cat.
428 3288 461 3336 iv.
486 3285 523 3344 16,
547 3297 576 3351 17
599 3302 688 3336 servus
709 3296 745 3337 est

166 3367 249 3408 nemo,
262 3352 304 3416 qui
316 3353 392 3400 modo
409 3352 535 3401 tolerabili
552 3353 693 3403 conditione
712 3354 744 3402 sit

166 3418 349 3467 servitutis...
367 3419 410 3482 qui
426 3434 476 3466 non
492 3417 554 3467 haec
570 3427 635 3467 stare
652 3420 742 3481 cupiat.

166 3482 237 3530 Nulli
255 3489 310 3531 sunt
328 3482 430 3541 inventi,
448 3483 489 3547 qni
507 3499 556 3532 uon
574 3484 656 3547 ipsum
672 3484 744 3532 illum

165 3548 243 3597 sellae
259 3558 333 3611 atque
351 3549 433 3611 operis
449 3558 473 3596 et
491 3557 606 3613 quaestus
624 3548 743 3598 cotidiani

165 3612 250 3662 locum
270 3613 367 3662 salvum
385 3629 438 3663 esse
456 3614 550 3662 velint:
574 3615 635 3679 leg.
656 3615 692 3662 iii.
713 3627 741 3676 25

165 3678 221 3742 quis
242 3679 308 3727 enim
330 3694 380 3727 non
403 3678 480 3727 modo
502 3679 573 3739 liber,
593 3679 636 3728 sed
656 3695 743 3728 servus

164 3743 278 3792 libertate
291 3744 380 3808 diguus
391 3743 444 3802 suit,
453 3744 492 3793 cui
507 3752 591 3793 nostra
603 3744 670 3793 salus
685 3761 742 3793 cara

163 3825 213 3857 non
225 3811 305 3857 essetl
339 3810 362 3857 It
378 3811 400 3859 is
414 3809 535 3858 therefore
550 3810 672 3874 probable
688 3811 742 3860 that

165 3875 228 3922 their
239 3874 379 3922 anarchical
391 3875 530 3925 tendencies
541 3891 582 3924 are
597 3876 655 3926 here
666 3891 740 3939 exag-

163 3941 272 4003 gerated.

199 4019 220 4055 1.
237 4010 486 4062 conscripturum:
505 4005 646 4067 cs.§25n.

196 4069 220 4119 6.
238 4076 411 4120 oervteibua:
441 4071 500 4120 ‘the
521 4071 586 4134 plur.
604 4071 625 4119 is
647 4070 740 4135 always

163 4135 224 4184 used
240 4135 274 4198 by
292 4137 388 4185 Cicero.
423 4135 512 4195 Varro,
530 4136 560 4184 L.
580 4136 610 4185 L.
628 4136 679 4184 viii.
698 4150 737 4200 14,

162 4216 219 4264 says
233 4201 287 4250 that
299 4202 341 4251 the
351 4201 414 4265 sing.
431 4217 482 4250 was
494 4200 545 4249 first
557 4201 691 4266 employed
707 4203 740 4265 by

797 3220 910 3286 Quintil?
924 3223 1065 3287 [Landgraf
1073 3240 1105 3272 on
1118 3223 1191 3274 Rosc.
1204 3225 1262 3273 Am.
1275 3224 1328 3288 Ιῃο].

830 3289 853 3336 8.
869 3295 1014 3338 maneret:
1033 3288 1046 3337 I
1062 3289 1164 3339 exclude
1182 3291 1211 3339 in
1227 3291 1329 3340 civetate
1345 3308 1373 3342 as

796 3369 811 3402 a
833 3352 908 3416 gloss,
933 3353 1055 3418 probably
1076 3354 1219 3405 introduced
1242 3356 1306 3404 from
1329 3357 1371 3405 the

795 3426 852 3467 next
870 3419 928 3479 line,
946 3418 1067 3484 rilscrrct
1085 3420 1182 3469 civitas.
1216 3421 1281 3470 Both
1298 3422 1325 3471 in
1344 3422 1370 3471 H

795 3483 844 3531 and
856 3484 880 3533 in
898 3485 919 3532 E
936 3486 956 3533 it
973 3485 994 3533 is
1011 3485 1084 3548 given
1101 3487 1126 3534 in
1143 3502 1158 3534 a
1174 3486 1245 3550 place
1258 3487 1340 3537 where
1351 3489 1371 3537 it

794 3548 847 3597 will
860 3557 904 3598 not
917 3557 1037 3610 construe,
1050 3549 1124 3599 while
1141 3551 1164 3600 T
1182 3568 1209 3600 as
1224 3551 1296 3600 usual
1311 3569 1369 3602 con·

794 3615 860 3664 ceals
871 3615 914 3664 the
926 3615 1075 3681 corruption.
1110 3616 1208 3666 Forthe
1217 3616 1369 3667 alliteration

793 3680 824 3729 cf.
838 3686 934 3741 ἕψω
956 3681 1006 3729 and
1022 3681 1061 3730 for
1073 3681 1116 3730 the
1132 3683 1195 3746 sing.
1213 3683 1242 3731 of
1255 3683 1298 3732 the
1309 3686 1369 3734 verb

793 3744 843 3794 off.
850 3745 884 3795 iii.
895 3748 925 3794 28
934 3762 983 3810 qua
991 3746 1090 3796 sublata
1099 3747 1268 3805 beneficentia,
1277 3748 1367 3798 libera·

792 3809 858 3870 litas,
883 3812 989 3871 bonitas,
1011 3812 1105 3861 iustitia
1129 3812 1239 3862 funditus
1260 3814 1366 3875 tollitur,

792 3875 863 3925 Orat.
876 3877 960 3926 Partit.
972 3890 1014 3940 90,
1027 3877 1131 3940 Drssa'gen
1146 3880 1158 3935 5
1174 3892 1228 3926 102.

827 3955 865 3989 12.
882 3957 938 3991 non
963 3957 1049 4000 queo:
1085 3944 1174 3993 Cicero
1197 3943 1289 4008 always
1310 3960 1367 3995 uses

790 4005 840 4054 this
850 4007 913 4056 sorm
921 4007 951 4056 of
958 4009 999 4056 the
1009 4015 1046 4057 rst
1058 4024 1121 4072 pers.
1130 4009 1201 4072 sing,
1210 4018 1254 4058 not
1266 4026 1366 4074 ncqm

826 4071 864 4120 16.
891 4079 963 4122 hoo:
998 4089 1032 4123 sc.
1060 4075 1102 4123 the
1130 4073 1256 4124 reflection
1281 4075 1365 4126 which

790 4137 896 4186 follows.

825 4217 864 4252 ao.
880 4209 956 4253 huno
977 4208 1074 4262 iprum
1092 4219 1206 4265 mum,
1223 4211 1275 4254 hoo
1299 4242 1305 4254 .
1329 4242 1335 4255 .
1358 4243 1365 4256 .

163 4266 312 4316 Hortensius
324 4268 348 4314 in
361 4282 375 4314 a
388 4282 470 4330 poem.
504 4266 605 4330 InLivy
617 4267 658 4316 the
675 4270 739 4330 sing.
788 4273 869 4316 vtro:
893 4269 932 4317 for
953 4270 995 4318 the
1015 4270 1133 4319 omission
1152 4271 1182 4320 os
1200 4271 1252 4334 apso
1272 4271 1297 4320 in
1320 4271 1364 4322 the

162 4331 184 4381 is
201 4331 260 4381 used
279 4332 307 4380 oi
323 4347 371 4380 one
388 4347 484 4395 person,
503 4331 552 4380 and
569 4331 612 4382 the
628 4332 693 4397 plur.
712 4332 742 4382 oi
789 4333 880 4382 second
898 4333 980 4383 clause
997 4335 1028 4383 cf.
1046 4335 1103 4384 Clu.
1118 4348 1163 4398 130
1180 4337 1224 4386 illo
1238 4335 1290 4402 ipso
1301 4343 1364 4386 tem·

161 4397 263 4446 several.
297 4397 353 4446 The
370 4398 433 4461 sing.
451 4397 472 4444 is
485 4397 528 4445 the
544 4397 615 4446 usual
632 4397 696 4446 form
713 4398 738 4446 in

158 4461 234 4513 silver
243 4463 328 4524 Latin,
340 4479 362 4512 e.
368 4478 394 4527 g.
405 4463 426 4512 it
441 4462 462 4511 is
477 4463 535 4512 used
547 4463 695 4527 exclusively
705 4465 739 4528 by

789 4414 856 4462 pore,
870 4399 923 4448 illis
934 4401 1083 4450 censoribus.

823 4477 862 4514 21.
879 4479 984 4524 compr.
1003 4501 1010 4515 .
1028 4501 1035 4515 .
1055 4502 1062 4516 .
1081 4471 1169 4517 confi.
1188 4503 1194 4516 .
1212 4503 1219 4517 .
1237 4475 1360 4520 ,noma
