2926 4928
547 322 809 389 APPENDIX
834 326 895 392 IV.

463 999 830 1110 ‘APPENDIX
878 1037 943 1111 iv,

317 1235 545 1301 Meuianum,
567 1235 790 1302 Anoununr
813 1251 861 1301 ro
875 1252 962 1325 ⁴Tun
985 1237 1141 1303 Sennea.

128 1420 204 1487 [This
215 1421 313 1472 curious
323 1421 488 1472 introduction
500 1429 527 1473 to
539 1423 580 1474 the
591 1424 681 1489 speech
693 1425 714 1472 is
726 1423 802 1473 found
814 1425 839 1472 in
851 1425 878 1473 H
891 1425 940 1473 and
952 1425 981 1474 F„
1010 1425 1040 1474 In
1050 1425 1077 1474 H
1089 1425 1109 1475 it
1120 1424 1141 1474 is
1152 1431 1196 1474 out
1208 1425 1238 1474 oi
1246 1423 1326 1489 place,

193 1489 323 1552 occurring
336 1489 399 1537 aiter
412 1489 455 1538 the
472 1489 561 1553 speech
574 1491 619 1539 ‘de
632 1490 741 1554 Imperio
755 1490 801 1540 Cn.
814 1490 935 1554 Pompei‚'
946 1490 996 1540 aud
1007 1491 1082 1555 being
1093 1491 1210 1540 followed
1221 1491 1327 1541 without

192 1554 323 1630 ‘lym‘
334 1553 475 1666 gldivinon
486 1555 737 1670 bl⁵il¹2²fi⁵ii⁰ti¹¹e⁵
748 1555 867 1670 liti?
878 1556 1046 1670 litigii?
1058 1556 1168 1671 illl
1185 1557 1230 1671 nii}
1242 1557 1295 1670 Eli
1306 1555 1328 1670 i

191 1635 272 1733 {cliiii
283 1625 480 1748 rgfipltiengnstirnggp
491 1636 512 1734 ii
524 1685 617 1734 throws
633 1636 779 1749 soriieglight
790 1702 857 1750 upon
867 1637 912 1735 iiie
923 1660 1086 1753 relationship
1099 1687 1128 1736 os
1135 1688 1178 1736 the
1189 1637 1264 1737 tutilg
1252 1686 1326 1736 MSS.

193 1750 217 1800 It
232 1749 286 1798 will
303 1750 335 1798 be
351 1750 450 1826 noticed
470 1751 525 1799 that
541 1751 582 1800 the
602 1750 747 1800 alterations
764 1752 793 1828 oi
806 1752 847 1801 the
864 1752 955 1802 second
972 1752 1038 1801 hand
1055 1753 1081 1800 in
1099 1753 1185 1828 Hnare
1201 1752 1328 1829 generally

193 1814 670 1944 tttlgiy‘lltlallttmtti
678 1817 816 1932 {cliiii
824 1816 1328 1947 {bibliifidiigtlttttt

193 1962 299 2011 appears
310 1947 335 1994 in
347 1947 376 2002 E,
388 1961 429 1995 see
440 1946 559 1996 Freund’s
570 1945 690 1997 sacsimile
701 1947 751 1996 and
763 1948 947 2010 Baiter-Halm,
961 1962 997 1998 11.
1014 1963 1036 1997 2.
1049 1964 1073 2013 p.
1088 1962 1115 1996 11
1120 1949 1172 2013 μ]

168 2098 200 2158 P.
224 2098 354 2158 Cnonrus
382 2107 498 2156 senator
525 2097 677 2157 seditiosus
702 2107 763 2158 erat
778 2131 785 2145 ·
800 2108 829 2158 et
852 2099 999 2159 tirannicis
1026 2100 1154 2158 moribus
1182 2099 1206 2158 is
1231 2098 1328 2157 multis

127 2199 245 2257 iniurias
260 2196 326 2256 lecit
341 2226 348 2242 ·
364 2205 391 2254 et
407 2195 532 2254 caedes·
549 2205 577 2255 et
594 2196 729 2255 incendia
745 2229 751 2243 ·
767 2207 796 2257 et
813 2197 999 2275 implerisque
1017 2199 1144 2257 imitatus
1162 2196 1325 2256 catilinam·

128 2307 258 2357 cateruas
282 2295 408 2353 habebat
432 2295 542 2352 circum
567 2312 598 2353 se
626 2293 732 2353 ciuium
755 2296 934 2372 perditorum
950 2328 957 2342 ·
972 2297 1043 2354 Erat
1068 2306 1166 2355 autem
1192 2295 1328 2354 inimicus

127 2395 228 2456 miloni
244 2426 250 2440 ·
266 2397 328 2453 ic.
356 2402 384 2451 et
412 2394 487 2451 bene
515 2393 618 2452 merito
646 2392 682 2450 de
714 2412 774 2471 rep.
803 2405 920 2472 repente
948 2395 1033 2473 igitur
1065 2394 1174 2454 milone
1208 2392 1327 2453 consule

127 2538 245 2614 petebat
272 2533 383 2593 clodius
407 2534 595 2609 praeturam·
612 2499 672 2609 quia
695 2534 781 2610 igitur
803 2537 857 2594 sub
879 2535 987 2596 milone
1011 2535 1132 2595 consule
1153 2534 1270 2594 uidebat
1296 2550 1355 2600 ses

127 2636 188 2697 lore
213 2643 360 2711 pretorem
387 2630 521 2690 clodius·
537 2641 671 2691 metuens
695 2634 815 2692 uirtutes
839 2633 955 2692 milonis
970 2665 977 2680 ·
992 2644 1021 2693 et
1045 2633 1139 2693 sciens
1162 2633 1243 2708 quod
1268 2650 1329 2691 non

126 2734 202 2793 mori
229 2740 379 2809 geraturus
395 2757 401 2770 ·
417 2729 469 2789 sed
497 2748 717 2805 compressurus
741 2732 776 2790 sit
803 2732 873 2791 milo
900 2732 1018 2790 iniurias
1045 2749 1118 2808 quas
1142 2730 1237 2790 facere
1261 2749 1328 2807 pro·

126 2841 263 2910 posuerat
284 2829 417 2888 clodius·
433 2829 532 2887 statuit
552 2828 661 2888 insidiis
677 2829 905 2906 adgrediendum
924 2841 953 2889 et
967 2830 1038 2888 dum
1054 2829 1241 2907 proficissitur
1258 2828 1328 2888 milo

128 2930 165 2990 ad
190 2930 309 2988 lanuum
331 2925 495 3004 oppidum·
512 2924 639 2985 collectis
664 2928 754 2986 seruis
770 2960 777 2974 ·
792 2929 852 2986 suis
872 2938 901 2987 et
924 2928 1107 2987 latronibus·
1123 2927 1229 3004 incepit
1249 2927 1329 2985 inuia

127 3046 257 3106 pugnare
273 3057 280 3073 ·
295 3025 365 3083 milo
386 3042 456 3082 uero
483 3023 595 3082 desiluit
610 3056 617 3070 ·
632 3034 661 3084 et
685 3044 722 3084 ex
747 3025 866 3085 dextero
890 3025 978 3085 latere
1000 3025 1134 3085 recedere
1155 3025 1304 3102 pugnabat
1320 3057 1327 3091 ς
1345 3043 1374 3079 ιο

129 3126 251 3187 Clodius
278 3134 376 3183 autem
404 3140 472 3182 cum
500 3122 649 3181 uenisset·
665 3124 697 3181 in
724 3123 814 3183 altera
841 3135 922 3201 parte
937 3156 944 3172 ·
959 3135 988 3183 et
1012 3114 1194 3184 contendere
1210 3123 1328 3182 uidisset

129 3283 228 3326 seruos
249 3263 365 3322 milonis
381 3307 387 3321 .
402 3261 473 3340 quid
492 3221 624 3334 corissiitis
642 3261 744 3336 inquid
759 3293 766 3308 ·
782 3279 850 3321 cum
867 3261 926 3319 iam
943 3260 1081 3320 dominus
1099 3268 1196 3318 uester
1214 3259 1328 3318 occisus

128 3365 183 3424 sit?
226 3362 306 3421 Serui
334 3378 405 3420 uero
433 3358 532 3418 fideles
548 3385 554 3399 ·
570 3358 624 3417 rati
650 3377 751 3418 reuera
779 3377 847 3417 eum
872 3358 977 3418 dixisse
994 3391 1000 3405 ·
1016 3376 1087 3417 mox
1114 3356 1327 3416 interfecerunt.

127 3463 198 3522 Post
216 3461 289 3519 haec
306 3459 388 3519 lelius
404 3458 491 3518 clodii
511 3457 617 3516 sodalis
639 3456 752 3516 satelles
768 3488 775 3504 ·
791 3475 850 3534 quo
871 3475 938 3516 cum
957 3467 986 3516 et
998 3455 1077 3533 leges
1091 3465 1241 3532 praeturae
1256 3472 1329 3514 con-

88 3544 91 3549 ’
128 3561 300 3638 scripserat·
316 3575 423 3634 corpus
440 3556 503 3615 eius
521 3555 613 3614 attulit
632 3573 746 3615 romam
761 3587 768 3602 ·
784 3565 813 3615 et
829 3555 986 3632 plurimum
1000 3554 1157 3614 tumultum
1172 3553 1306 3613 excitauit
1323 3585 1329 3600 ·
1344 3575 1373 3623 15

127 3710 156 3759 et
170 3698 259 3776 globo
273 3698 350 3756 facto
366 3661 584 3780 elzapdianorum
600 3727 607 3742 ·
622 3714 690 3773 pars
706 3696 801 3756 curiae
815 3696 934 3755 incensa
949 3703 993 3754 est
1005 3725 1012 3741 ·
1024 3705 1054 3753 et
1067 3693 1172 3753 caedes
1186 3693 1330 3753 admissae

79 3812 82 3817 ’
127 3826 193 3875 sunt
209 3847 215 3861 ·
231 3824 317 3890 atque
338 3812 455 3889 iusuper
475 3829 540 3870 reus
561 3812 592 3869 fit
613 3811 693 3871 cedis
710 3811 781 3871 milo
800 3837 807 3850 ·
828 3810 909 3869 Tum
930 3812 1023 3887 pomp
1038 3841 1045 3857 ·
1061 3809 1182 3869 dictator
1198 3842 1204 3855 ·
1220 3826 1329 3868 cauens

126 3913 288 3974 inuidiam·
304 3911 414 3970 iudices
428 3909 506 3968 dedit
521 3941 528 3956 ·
544 3910 671 3987 optimos
686 3921 714 3969 et
729 3909 901 3969 fortissimos
918 3909 996 3967 uiros
1014 3908 1152 3985 inquibus
1170 3906 1329 3966 domicium

126 4012 289 4089 principem
310 4018 494 4087 spernentem
511 4009 606 4068 minas
627 4008 873 4068 tumultuosorum
889 4040 895 4053 ·
911 4016 940 4067 et
960 4016 1088 4066 armatos
1103 4006 1208 4065 milites
1221 4005 1331 4064 circum

163 4206 183 4241 1.
202 4191 318 4241 moribus.
330 4191 358 4239 Is
375 4207 408 4238 m.
423 4203 444 4252 a,
459 4189 489 4239 E.
622 4203 643 4238 2.
662 4188 790 4237 imitatus:
809 4187 915 4237 mutatis
932 4187 963 4236 E.
1095 4200 1118 4248 4.
1137 4200 1164 4234 rc
1175 4191 1203 4249 p.
1218 4200 1251 4234 m.
1268 4199 1288 4241 α,
1299 4185 1328 4234 Ε.

129 4271 151 4321 5.
171 4275 187 4307 a
199 4273 252 4321 sup.
265 4257 281 4305 l.
296 4272 329 4304 m.
344 4270 366 4315 a,
377 4255 438 4319 quia
451 4255 480 4305 E.
600 4265 621 4318 7.
639 4255 759 4318 moriger.
771 4269 805 4303 m.
820 4267 841 4313 a,
853 4254 884 4302 E.
994 4251 1018 4300 8.
1030 4257 1093 4365 lpost
1104 4249 1202 4315 adgred.
1215 4258 1333 4316 punctum

128 4323 185 4374 add.
200 4324 229 4372 E.
260 4320 432 4385 proficiscitur
442 4336 475 4369 m.
491 4334 513 4376 a,
525 4320 554 4367 E.
666 4334 691 4384 9.
710 4319 789 4368 servis
798 4319 853 4367 suis
864 4319 915 4366 sine
925 4326 1017 4382 puncto
1053 4351 1060 4365 .
1174 4328 1212 4364 11.
1228 4317 1333 4366 alteram

122 4395 223 4454 partem
237 4389 266 4436 E.
375 4399 411 4435 12.
431 4385 578 4434 contendite&
590 4385 620 4435 E.
722 4397 763 4447 13.
781 4398 808 4433 rc
819 4398 882 4433 uera
893 4399 928 4432 m.
942 4398 965 4432 a.
1066 4380 1102 4432 16.
1121 4381 1291 4431 clodanorum
1304 4381 1333 4432 E.

131 4466 170 4518 17.
187 4453 267 4503 caedis
279 4453 308 4501 E.
338 4451 469 4517 pompeius
481 4451 510 4500 E.
