2926 4928
181 320 224 390 74
347 271 352 279 ⁸
531 303 581 370 M.
619 302 764 368 rotor
790 302 1048 369 crcnnonrs

77 482 87 501 ⁴
181 488 369 544 nostrorum
392 479 565 563 sapientia,
581 480 639 562 qui
660 501 763 559 sacra,
779 479 834 562 qui
856 479 1082 557 caerimonias,
1103 477 1159 561 qui
1182 479 1328 563 auspicia
1350 488 1385 544 et

60 614 88 663 ,J
128 633 167 678 34
180 584 243 667 ipsi
254 584 460 649 sanctissime
472 584 645 649 coluerunt
658 598 691 649 et
704 585 799 649 nobis
811 585 879 648 suis
891 584 1033 667 posteris
1044 583 1272 666 prodiderunt.
1311 581 1382 655 Est,

179 698 230 753 est
246 688 302 752 illa
317 688 376 766 vis,
391 688 548 772 profecto,
567 709 674 771 neque
693 688 728 750 in
750 688 801 752 his
824 688 1016 771 corporibus
1033 696 1135 769 atque
1148 687 1186 750 ‘in
1201 686 1263 751 hac
1278 687 1383 751 imbe-

179 793 317 859 cillitate
333 803 447 858 nostra
467 794 552 858 inest
573 793 746 875 quiddam,
766 792 857 875 quod
872 792 983 876 vigeat
1005 802 1039 856 et
1060 791 1190 866 sentiat,
1211 812 1275 855 non
1297 791 1383 855 inest

179 897 213 959 in
229 898 293 961 hoc
313 907 407 962 tanto
429 907 566 961 naturae
589 905 725 980 tamque
745 895 915 979 praeclaro
936 906 1050 970 motu3
1073 895 1134 958 nisi
1154 895 1239 959 forte
1259 895 1410 962 idcirco5

180 1020 247 1064 non
262 1009 390 1085 putant,
406 1001 485 1083 qnia
501 1021 568 1065 non
584 1012 723 1084 apparet
738 1020 799 1065 nec
815 1000 966 1077 cernitur,
977 999 1117 1081 proinde
1128 999 1222 1082 quasi
1234 1008 1382 1063 nostram

179 1104 286 1189 ipsam
313 1113 469 1184 mentem,
494 1125 560 1187 qua
584 1106 741 1188 sapimus,
767 1125 833 1187 qua
863 1105 1084 1186 providemus,
1109 1124 1175 1186 qua
1197 1103 1281 1167 haec
1311 1103 1384 1184 ipsa

178 1209 309 1292 agimus
339 1229 377 1274 ac
400 1208 550 1286 dicimus,
573 1207 685 1272 videre
707 1227 745 1272 ac
765 1207 873 1290 plane,
894 1206 1002 1290 qualis
1023 1216 1082 1270 aut
1104 1206 1161 1270 ubi
1184 1206 1237 1280 sit,
1260 1205 1384 1270 sentire

179 1313 354 1395 possimus.
401 1312 452 1376 Ea
482 1313 532 1377 vis
562 1313 671 1396 igitur,
703 1332 789 1394 quae
818 1331 919 1394 saepe
955 1310 1163 1375 incredibiles
1197 1310 1273 1374 huic
1308 1309 1382 1373 urbi

178 1416 351 1481 felicitates
366 1425 467 1498 atque
482 1437 563 1498 opes
578 1415 700 1493 attulit,
716 1415 806 1480 illam
822 1415 1000 1499 perniciem
1017 1412 1179 1478 exstinxit
1191 1433 1229 1477 ac
1241 1412 1383 1492 sustulit,
1398 1436 1428 1471 10

179 1522 231 1586 cui
261 1520 403 1605 primum
435 1529 582 1584 mentem
611 1519 731 1596 iniecit,
763 1530 800 1583 ut
830 1520 863 1582 vi
894 1519 1021 1583 irritare
1047 1517 1199 1600 ferroque
1223 1517 1383 1583 lacessere

177 1625 391 1689 fortissimum
407 1625 514 1687 virum
533 1625 670 1688 auderet
686 1625 938 1706 vincereturque
955 1624 999 1686 ab
1015 1642 1065 1700 e0,
1081 1642 1180 1703 quem
1196 1622 1223 1684 si
1238 1622 1381 1697 vicisset,

129 1743 165 1790 85
178 1729 350 1793 habiturus
366 1738 453 1792 esset
465 1728 703 1810 impunitatem
719 1736 754 1790 et
771 1726 939 1791 licentiam
956 1726 1204 1808 sempiternam.
1240 1726 1318 1788 Non
1331 1735 1382 1789 est

178 1833 325 1897 humano
348 1831 493 1909 consilio,
517 1852 557 1894 ne
581 1832 737 1895 mediocri
761 1831 905 1913 quidem,
926 1829 1061 1904 iudices,
1085 1829 1222 1893 deorum
1247 1823 1381 1892 immor·

177 1935 295 2002 talium
322 1943 400 2001 cura
424 1957 474 2000 res
498 1934 554 1998 illa
575 1936 731 2018 perfecta.
779 1934 948 2018 Regiones
969 1930 1157 1997 mehercule
1178 1933 1278 2014 ipsae,
1293 1953 1382 2016 quae
1398 1957 1425 2007 ¹5

213 2101 235 2138 a.
252 2095 296 2148 est,
308 2095 346 2138 est
358 2089 415 2138 Hs:
430 2094 454 2136 et
464 2093 558 2148 estox3
575 2092 610 2136 est
619 2087 657 2146 T;
673 2094 709 2137 est
719 2087 802 2150 igitur
813 2086 843 2134 E.
949 2100 972 2148 3.
990 2086 1036 2134 illa
1046 2085 1084 2133 vis
1095 2083 1206 2148 profecto
1218 2085 1261 2135 H:
1275 2085 1382 2150 profecto

178 2154 225 2204 illo
233 2155 273 2203 vis
284 2154 337 2203 rell.
493 2167 517 2216 4.
534 2168 585 2202 non
596 2153 687 2202 HTE:
705 2160 728 2202 nt
738 2168 788 2202 non
800 2153 821 2201 δ,
976 2166 999 2215 5.
1017 2160 1117 2214 tamque
1129 2150 1165 2209 H,
1177 2151 1301 2201 Lambin:
1327 2159 1382 2200 torn

178 2219 256 2276 ΤΕδ;
272 2226 358 2268 ettam
371 2219 459 2270 Halm.
559 2218 582 2267 6.
599 2226 709 2268 nostram
721 2219 821 2283 ipsam:
837 2223 947 2266 nostram
959 2217 1010 2283 ipsi
1024 2218 1052 2266 E.
1066 2217 1095 2264 F.
1109 2215 1252 2276 Eberhard;
1268 2223 1381 2265 nostram

179 2285 290 2350 tororum
302 2285 410 2334 Weiske.
538 2285 562 2333 8.
579 2299 609 2332 ac
620 2284 695 2348 plane
706 2284 750 2332 H:
768 2291 815 2332 ont
820 2284 898 2347 plone
909 2283 961 2332 rell.
1116 2295 1139 2345 9.
1159 2296 1190 2331 ea
1200 2282 1238 2331 vis
1248 2282 1325 2346 igitur
1337 2282 1380 2330 H:

177 2365 206 2399 ea
217 2350 256 2398 vis
268 2349 322 2412 ipso
334 2349 417 2413 egitur
426 2349 463 2408 T;
475 2365 504 2398 ca
514 2350 554 2399 or's
566 2349 648 2412 egitur
659 2349 712 2413 ipso
724 2350 760 2409 E;
772 2365 801 2397 eo
812 2349 859 2408 ori,
871 2364 900 2397 ea
910 2354 946 2397 cst
956 2347 1039 2411 igitur
1047 2364 1091 2409 σχ.
1237 2361 1273 2396 10.
1291 2347 1379 2397 illam:

178 2416 258 2478 ipsam
271 2416 301 2464 T.
438 2428 476 2479 15.
494 2416 606 2480 regiones
617 2415 664 2475 Hs,
677 2413 841 2465 Gulielmius:
859 2414 990 2478 religiones
1000 2413 1092 2477 ΤΕσχ.
1157 2428 1220 2478 quae
1231 2413 1298 2464 HE:
1317 2427 1382 2481 quos

177 2496 235 2530 cum
246 2480 287 2528 To
296 2497 303 2541 ;
319 2496 376 2530 cnm
387 2497 424 2543 sx.

178 2622 289 2670 between
305 2621 411 2671 maiores
424 2620 507 2670 nostri
519 2621 568 2670 and
582 2621 664 2670 nostri
677 2621 754 2670 maio·
804 2628 891 2685 except
901 2622 927 2669 in
937 2621 972 2682 H,
981 2621 1064 2670 before
1068 2627 1096 2686 p.
1133 2622 1156 2670 It
1168 2637 1219 2671 was
1230 2620 1337 2670 inserted
1345 2620 1380 2684 by

70 2725 74 2732 .
178 2702 232 2744 res;
261 2687 302 2734 the
324 2687 415 2736 former
441 2687 529 2751 phrase
555 2688 577 2736 is
599 2687 660 2736 used
681 2687 754 2737 when
804 2686 948 2746 Lambinus,
971 2687 1117 2752 apparently
1138 2686 1203 2737 from
1231 2686 1377 2750 conjecture.

179 2752 300 2801 attention
319 2752 341 2801 is
359 2752 444 2801 drawn
467 2760 494 2802 to
518 2752 594 2814 them,
615 2753 658 2802 the
680 2752 755 2801 latter
805 2752 845 2802 Cf.
858 2752 968 2812 Kiihner,
982 2753 1008 2803 ii.
1023 2757 1035 2812 ξ
1051 2766 1106 2815 ¹5²·
1120 2765 1139 2802 1.

178 2816 250 2867 when
267 2818 326 2881 they
342 2832 384 2867 are
400 2819 539 2868 contrasted
555 2819 617 2867 with
637 2817 709 2867 those
728 2817 759 2866 of
837 2815 861 2867 6.
874 2832 930 2866 non
940 2825 1060 2876 putant:
1077 2834 1111 2869 sc.
1122 2818 1207 2868 imssc.
1229 2816 1332 2866 Similar
1342 2817 1380 2866 el-

180 2883 252 2933 other
263 2885 377 2941 nations;
394 2900 414 2934 e.
422 2900 447 2948 g.
461 2885 535 2933 Rosc.
547 2886 604 2933 Am.
618 2895 649 2947 70
660 2892 754 2948 quanto
804 2881 881 2947 lipses
904 2899 945 2932 are
968 2883 1087 2947 frequent,
1107 2900 1128 2933 e.
1135 2900 1161 2948 g.
1181 2885 1233 2933 An„
1251 2899 1275 2933 v.
1295 2897 1335 2932 21.
1353 2897 1378 2944 5,

179 2948 263 2998 nostri
290 2950 395 2998 maiores
421 2950 563 3013 sapientius,
593 2950 672 2998 where
696 2950 754 3013 they
805 2948 912 2997 multum
939 2956 964 2998 te
987 2965 1052 3010 amo,
1076 2950 1143 3013 quod
1165 2948 1314 3013 respondisti
1340 2948 1379 2999 M.

179 3029 221 3063 are
239 3016 372 3079 compared
383 3016 445 3064 with
461 3017 503 3065 the
518 3015 664 3085 Atheniann
698 3014 754 3064 The
805 3013 912 3064 Octavio
927 3021 952 3064 te
968 3029 1019 3064 non
1030 3021 1133 3079 putare,
1150 3031 1184 3065 sc.
1195 3030 1235 3064 me
1245 3016 1379 3064 missurum

179 3079 272 3129 climax
291 3080 348 3129 here
369 3096 448 3130 seems
467 3097 483 3130 a
502 3082 599 3130 curious
620 3095 667 3129 one
689 3087 716 3129 to
738 3096 754 3129 a
804 3094 864 3129 esse.

180 3145 283 3194 modern
304 3146 397 3206 reader,
420 3147 463 3195 bnt
484 3148 505 3196 is
525 3145 708 3195 characteristic
728 3144 757 3193 of
837 3145 861 3194 8.
878 3150 975 3194 viden
996 3160 1029 3194 ao
1049 3152 1134 3204 plana
1146 3181 1153 3195 .
1166 3181 1173 3195 .
1185 3182 1192 3195 .
1205 3150 1328 3195 sentim
1345 3144 1398 3206 cf·

180 3210 279 3259 Roman
292 3211 375 3276 pride:
392 3213 418 3262 cf
437 3212 497 3275 Leg.
510 3213 571 3276 Agr.
584 3212 610 3261 ii.
623 3225 663 3275 95,
678 3214 724 3261 &c
804 3209 860 3259 Cat.
871 3210 886 3259 i.
899 3212 914 3259 8
930 3211 1029 3260 videam
1041 3212 1163 3276 planeque
1174 3211 1289 3270 sentiam,
1299 3212 1377 3261 Dom.

213 3290 236 3338 3.
253 3281 393 3334 protecto:
412 3281 450 3327 lor
467 3279 508 3327 the
526 3278 635 3342 position
649 3275 704 3336 eft
723 3289 750 3324 21
808 3289 854 3325 100
866 3276 941 3326 video
952 3292 992 3326 me
1002 3276 1078 3341 plane
1090 3293 1119 3326 oc
1133 3277 1212 3326 sentio
1227 3276 1379 3338 restitutum,

179 3357 230 3391 non
247 3341 293 3390 fnit
309 3358 339 3391 ea
356 3359 437 3402 causa,
454 3343 556 3402 indices,
568 3341 682 3406 prrffecto.
717 3342 754 3390 As
804 3341 836 3390 de
852 3341 896 3391 Or.
915 3341 931 3389 i.
953 3340 995 3390 161
1016 3342 1090 3406 plane
1106 3348 1262 3407 nossentque
1278 3341 1378 3402 vidisse,

179 3408 322 3472 expressing
339 3424 354 3456 a
371 3417 457 3472 strong
473 3408 588 3472 personal
603 3409 752 3466 conviction,
804 3407 839 3456 ib.
862 3417 907 3471 207
928 3407 1003 3472 plane
1021 3407 1096 3456 video
1114 3415 1189 3472 atque
1208 3407 1296 3457 sentio.
1339 3409 1379 3457 Ac

181 3476 195 3532 ὁ
216 3487 229 3521 a
247 3488 283 3532 n.,
293 3472 402 3537 profecto
422 3474 443 3522 is
462 3475 588 3538 generally
605 3480 649 3538 put
668 3473 694 3523 in
711 3473 754 3522 the
804 3482 920 3522 connects
927 3472 1025 3522 thetwo
1032 3472 1107 3531 ideas,
1115 3480 1291 3537 autseparates
1298 3472 1378 3533 them,

180 3537 252 3603 place
264 3539 293 3586 of
304 3540 438 3603 emphasis,
457 3539 472 3588 i.
480 3555 502 3590 e.
518 3548 544 3590 at
560 3541 603 3589 the
619 3539 754 3603 beginning
803 3553 824 3587 e.
834 3554 858 3602 g.
879 3539 910 3588 de
927 3537 972 3588 Or.
992 3539 1018 3587 ii.
1040 3551 1087 3602 305
1107 3539 1221 3604 petulans
1239 3545 1287 3587 out
1303 3537 1379 3603 plane

182 3618 211 3653 or
222 3604 271 3653 end
283 3603 311 3652 of
318 3605 360 3655 the
372 3605 462 3656 clause
802 3605 911 3654 insanus.

213 3684 237 3732 4.
255 3684 312 3718 non
334 3675 432 3720 tnast:
461 3670 500 3720 for
518 3670 561 3721 the
581 3670 753 3722 coordination
836 3683 860 3733 9.
877 3673 986 3728 latur:
1004 3669 1043 3718 for
1062 3670 1105 3719 the
1122 3669 1226 3734 reading
1239 3683 1280 3719 see
1296 3685 1322 3734 p.
1333 3668 1377 3718 xl:

181 3734 212 3784 cf.
230 3735 291 3798 Leg.
310 3734 335 3784 ii.
355 3734 384 3783 16
401 3737 525 3786 neminem
541 3775 547 3786 .
563 3772 569 3785 .
585 3771 592 3786 .
610 3743 663 3785 tam
680 3736 754 3786 stulte
804 3734 858 3799 ipsa
869 3750 920 3783 was
931 3735 1054 3800 probably
1065 3734 1211 3786 introduced
1221 3734 1285 3783 from
1296 3736 1378 3800 ipsam

180 3808 344 3863 arrogantem,
357 3808 384 3850 ut
395 3802 421 3850 in
436 3818 461 3851 se
476 3803 599 3852 rationem
610 3808 635 3850 et
647 3809 754 3851 mentem
804 3835 811 3849 .
823 3835 830 3848 .
843 3835 850 3848 .
862 3799 924 3864 ipsa,
935 3802 961 3848 in
973 3800 1015 3849 the
1026 3802 1142 3866 previous
1151 3809 1272 3850 sentence.

178 3872 250 3930 potet
258 3865 343 3924 inesse,
353 3866 378 3915 in
387 3866 458 3916 caelo
466 3868 609 3932 mundoque
618 3882 668 3915 non
673 3873 753 3931 putet,
840 3878 879 3914 ιο.
894 3869 1062 3916 renerum:
1074 3866 1138 3916 alist
1145 3867 1175 3916 ot
1179 3866 1274 3916 similar
1280 3865 1378 3930 plurals

181 3945 197 3979 a
206 3947 262 3994 very
271 3932 365 3980 similar
376 3948 480 3996 passage
489 3933 515 3981 in
524 3933 595 3997 point
604 3933 634 3981 of
639 3933 753 3996 thought.
803 3932 825 3980 is
833 3932 904 3994 given
913 3932 946 3994 by
956 3931 1033 3995 Dr'ag.
1044 3935 1057 3989 ἱ
1068 3943 1091 3995 7.
1125 3932 1197 3996 They
1208 3947 1271 3980 were
1283 3932 1378 3995 especi-

181 3996 236 4045 The
248 3996 359 4046 addition
372 3997 401 4046 of
408 4004 433 4047 et
444 3998 527 4048 before
539 4014 590 4048 non
601 3999 628 4047 in
640 3997 682 4047 the
693 3999 753 4047 dett.
803 3997 854 4060 ally
865 3995 971 4046 affected
983 3998 1016 4061 by
1027 3997 1125 4047 Cicero.
1158 3997 1297 4047 Felicitates
1308 3998 1376 4055 how-

181 4064 203 4111 ls
215 4077 273 4126 very
284 4064 417 4126 inelegant.
802 4078 859 4112 ever
876 4077 961 4113 occurs
978 4063 1062 4112 before
1078 4063 1139 4126 him,
1156 4063 1182 4112 in
1197 4063 1254 4111 Ter.
1270 4061 1335 4111 Eun.
1350 4062 1378 4112 ii.

216 4139 239 4190 5.
263 4135 395 4186 tamque:
423 4128 453 4178 cf.
482 4129 540 4179 Div.
566 4129 593 4179 ii.
619 4143 648 4193 29
673 4144 754 4178 rerum
804 4141 871 4191 &34

180 4200 269 4242 natura
293 4200 362 4243 tanta
385 4200 484 4259 tamque
505 4194 640 4259 praeclara.
679 4195 753 4244 Tusc.
839 4207 868 4255 13
894 4199 1062 4243 nastrum:
1090 4208 1125 4244 sc.
1151 4193 1265 4254 Clodius,
1290 4199 1318 4242 to
1345 4192 1377 4243 be

184 4261 216 4308 D.
229 4274 252 4306 v.
267 4268 295 4321 72
308 4266 347 4308 tot
360 4266 412 4308 tam
427 4261 548 4325 variisque
564 4261 702 4318 virtutibus,
719 4261 752 4309 ib.
803 4259 918 4324 supplied
929 4259 993 4308 from
997 4259 1129 4323 pernicies,
1140 4257 1202 4308 nord
1214 4257 1328 4307 σύνεσιν.
1343 4259 1377 4309 cf.

182 4332 220 4374 tot
236 4326 357 4389 tantisque
374 4327 480 4388 gaudiis,
491 4327 523 4375 de
535 4327 588 4375 Inv.
600 4327 626 4375 ii.
639 4326 670 4375 86
685 4334 754 4375 tanta
806 4331 818 4385 ᾗ
833 4337 863 4389 37
875 4324 927 4374 sico
939 4361 945 4375 .
958 4361 965 4373 .
977 4360 984 4374 .
995 4325 1040 4374 sni
1049 4325 1168 4386 nominis,
1181 4329 1228 4374 &n

180 4391 401 4455 ettamperspicna
410 4392 524 4450 audacia,
533 4392 566 4440 N.
574 4392 637 4442 D.ii.
647 4407 687 4456 92,
698 4392 754 4441 Fin.
840 4404 878 4454 15.
894 4396 1044 4450 anonas:
1060 4405 1095 4440 sc.
1111 4390 1154 4441 the
1168 4390 1267 4440 Albani
1281 4389 1381 4439 tunuli

180 4455 212 4507 iv.
222 4471 260 4522 29,
270 4459 317 4506 &a
349 4457 402 4520 Qut
416 4457 462 4522 [sc.
470 4456 507 4522 q.]
519 4457 565 4507 has
576 4458 689 4523 dropped
700 4464 753 4520 ont,
804 4462 879 4522 atque
900 4457 962 4507 luci.
1003 4456 1093 4508 Cicero
1115 4457 1240 4507 mentions
1261 4455 1314 4506 first
1334 4455 1380 4507 the
