2926 4928
417 307 516 374 PRO
550 307 582 374 T.
613 307 772 375 ANNIO
801 308 998 375 MILONE.
1263 323 1306 394 27

105 500 235 563 semper
249 482 326 561 vim,
347 506 555 569 quacumque
576 507 639 568 ope
658 495 801 568 possent,
821 508 841 549 a
863 507 1006 570 corpore,
1025 508 1045 550 a
1063 486 1179 568 capite,
1200 486 1305 550 avita

105 607 165 649 sua
188 586 426 669 propulsarent,
450 610 515 653 non
539 591 676 673 potestis
699 591 762 654 hoc
785 590 912 655 facinus
938 591 1126 673 improbum
1153 589 1304 665 iudicare,

105 690 184 770 quin
212 691 310 754 simul
341 693 491 758 iudicetis
521 695 684 772 omnibus,
714 695 771 776 qui
802 695 835 756 iu
866 694 1010 758 latrones
1041 694 1221 766 inciderint,
1247 702 1305 756 aut
1339 770 1361 791 Α,

105 792 235 857 illorum
252 795 326 859 telis
341 805 400 860 aut
414 797 531 861 vestris
547 797 718 862 sententiis
739 819 810 862 esse
832 799 1045 878 pereundum.
1091 797 1191 880 Quod
1211 797 1238 859 si
1259 778 1351 860 itam

77 929 90 979 5
105 907 264 978 putasset,
280 910 367 963 certe
383 901 560 982 optabilius
577 899 695 965 Miloni
713 902 773 964 luit
790 903 868 964 dare
884 900 1031 984 iugulum
1046 899 1079 963 P.
1095 900 1223 978 Clodio,
1239 887 1305 963 non
1372 960 1375 965 .

105 1002 206 1064 semel
222 1003 263 1065 ab
284 1004 340 1068 illo
356 1026 461 1087 neque
476 1017 547 1070 tum
564 1008 707 1088 primum
722 1006 875 1089 petitum,
890 1026 991 1088 quarn
1007 1003 1146 1086 iugulari
1165 1026 1185 1067 a
1200 1005 1304 1078 vobis,

105 1106 183 1187 quia
197 1128 232 1170 se
248 1128 315 1170 uon
333 1109 547 1192 iugulandum
567 1109 614 1172 illi
636 1110 832 1174 tradidisset.
879 1108 939 1174 Sin
960 1109 1022 1173 hoc
1042 1129 1140 1172 nemo
1158 1117 1304 1171 vestrum

105 1209 153 1271 ita
174 1211 286 1289 sentit,
309 1211 389 1276 illud
413 1213 478 1276 iam
502 1215 534 1277 in
557 1213 714 1277 iudicium
737 1215 836 1288 venit,
859 1234 926 1278 non
949 1213 1117 1277 occisusne
1140 1213 1192 1290 sit,
1215 1211 1305 1294 quod

105 1312 254 1389 latemur,
275 1315 332 1378 sed
356 1316 425 1380 iure
447 1336 489 1379 an
513 1317 636 1395 iniuria,
657 1319 747 1399 quod
770 1318 882 1381 multis
903 1318 935 1379 in
957 1316 1063 1380 causis
1086 1336 1184 1397 saepe
1206 1335 1306 1398 quae·

61 1449 92 1484 10
106 1418 206 1481 situm
228 1429 288 1484 est.
335 1420 476 1485 Insidias
498 1420 601 1486 lactas
622 1442 693 1485 esse
714 1431 852 1496 constat,
873 1432 906 1485 et
928 1421 960 1484 id
982 1430 1040 1496 est,
1061 1420 1150 1503 quod
1172 1428 1306 1483 senatus

106 1532 221 1586 contra
237 1544 306 1586 rem
323 1523 488 1605 publicam
505 1524 627 1589 lactum
644 1525 817 1600 iudicavit3
842 1527 884 1589 ab
903 1535 978 1587 utro
995 1524 1101 1587 factae
1119 1524 1184 1586 sint
1204 1523 1306 1586 incer·

106 1636 177 1689 tum
193 1636 243 1689 est
253 1650 261 1701 ;
285 1628 327 1690 de
343 1623 405 1692 ho'c
422 1629 521 1712 igitur
536 1629 640 1693 latum
657 1639 707 1692 est
723 1639 760 1692 ut
780 1639 999 1712 quaereretur.
1048 1627 1100 1691 Ita
1120 1638 1153 1691 et
1174 1636 1306 1690 senatus

106 1749 185 1806 rem,
208 1750 273 1793 non
296 1730 463 1795 hominem
487 1733 624 1811 notavit,
647 1743 680 1797 et
703 1732 880 1815 Pompeius
903 1732 946 1794 de
967 1732 1043 1807 iure,
1065 1751 1131 1794 non
1155 1731 1198 1794 de
1218 1730 1305 1793 sacto

107 1834 333 1914 quaestionem
363 1836 448 1899 tulit.
495 1836 586 1900 Num
611 1837 692 1919 quid
719 1837 817 1920 igitur
847 1837 937 1900 aliud
965 1836 997 1898 in
1024 1834 1180 1898 iudicium
1206 1835 1305 1910 venit,
1319 1837 1364 1903 12

63 1965 92 2015 ¹5
107 1937 170 1999 nisi
193 1948 266 2001 uter
288 1938 352 2001 utri
375 1939 510 2003 insidias
534 1940 669 2005 lecerit?
702 1940 851 2003 Profecto
874 1939 974 2014 nihil;
1004 1939 1031 2001 si
1055 1938 1108 2003 hic
1132 1937 1186 2015 illi,
1208 1948 1306 2002 utne

107 2041 150 2104 sit
167 2042 317 2123 impune3
341 2043 367 2106 si
384 2042 439 2106 ille
454 2044 538 2122 huic,
554 2054 625 2107 tum
642 2065 703 2108 nos
721 2044 843 2108 scelere
858 2043 1034 2107 solvamur.

151 2145 306 2228 Quonam
335 2147 433 2229 igitur
459 2158 558 2232 pacto
585 2149 717 2230 probari
748 2158 858 2231 potest
885 2147 1018 2211 insidias
1046 2145 1163 2209 Miloni
1191 2144 1354 2209 fecissem

108 2248 285 2313 Clodium?
309 2250 398 2315 Satis
413 2262 464 2316 est
480 2253 512 2314 in
532 2253 588 2316 illa
603 2254 738 2336 quidem
754 2263 823 2316 tam
839 2253 966 2328 audaci,
981 2260 1050 2313 tam
1070 2247 1193 2312 nefaria
1208 2248 1306 2313 belua

107 2354 225 2417 docere
238 2375 394 2439 magnam
415 2356 445 2419 ei
466 2376 609 2434 causam,
626 2378 781 2440 magnam
797 2377 890 2441 spem
907 2357 940 2418 in
957 2355 1090 2417 Milonis
1108 2362 1214 2415 morte
1229 2373 1306 2434 pro-

141 2541 163 2595 7.
182 2531 226 2580 illi
236 2547 286 2580 non
298 2533 351 2596 ing.
364 2533 384 2582 ὅ.
418 2535 470 2583 sin:
488 2534 513 2583 si
523 2536 551 2584 P.
608 2535 630 2583 8.
648 2551 698 2584 non
710 2535 811 2584 hocloco
823 2535 897 2584 Tun:
915 2531 1047 2581 anteillud
1059 2531 1087 2578 P.
1145 2543 1168 2592 9.
1186 2530 1211 2578 in
1224 2529 1305 2578 causis

106 2612 180 2660 saepe
192 2597 248 2646 PE:
267 2598 295 2645 in
307 2600 389 2648 causis
406 2599 458 2648 iam
471 2607 539 2665 saepe
556 2600 594 2658 T;
611 2607 684 2649 antea
703 2602 731 2649 in
748 2600 830 2649 causis
847 2600 898 2647 iam
915 2601 934 2646 δ.
1060 2610 1098 2643 12.
1117 2595 1148 2644 de
1164 2595 1213 2644 hoc
1229 2594 1305 2660 igitur

107 2663 186 2711 hatum
198 2671 233 2712 est
244 2679 291 2713 om.
304 2663 336 2712 T.
443 2664 481 2716 16.
500 2675 552 2715 tum
563 2682 609 2715 nos
620 2665 693 2716 Tm:
713 2674 742 2715 ut
753 2667 781 2716 P.
795 2668 865 2715 ‘tort
876 2671 931 2713 tum
944 2670 973 2712 ut
983 2658 1041 2711 nos'
1052 2661 1195 2710 Lambinus.

733 2814 793 2864 than
804 2814 858 2863 that
870 2815 896 2862 in
908 2813 935 2862 P.
966 2812 1017 2861 For
1028 2811 1071 2859 the
1083 2810 1252 2859 construction
1263 2825 1304 2860 see

734 2887 747 2942 §
762 2895 788 2929 11
804 2897 829 2929 n.

141 2827 163 2877 5.
182 2819 353 2872 optabilius:
371 2831 404 2864 so.
417 2814 437 2863 si
451 2817 521 2879 optio
535 2816 593 2866 datu
608 2825 680 2877 esset,

107 2881 230 2943 elegisset.
264 2879 314 2928 For
326 2881 397 2944 optet,
415 2884 516 2944 ‘power
530 2889 557 2931 to
572 2881 681 2938 choose,'

108 2947 138 2996 cl.
157 2947 215 2994 Div.
233 2945 258 2992 in
275 2945 368 2995 Caecil.
386 2962 416 3010 45
434 2948 555 3011 optionem
572 2948 681 2997 facturus

108 3014 148 3070 sit,
160 3018 190 3060 ut
200 3011 284 3074 eligas,
299 3012 373 3061 Rosc.
388 3013 445 3060 Am.
461 3027 493 3074 30
510 3014 680 3062 conditionem

108 3078 196 3125 misero
206 3076 486 3140 ferunt,utoptet,utrum
496 3079 569 3127 malit
574 3081 680 3128 cervices

109 3178 114 3191 .
128 3179 134 3191 .
147 3180 153 3191 .
165 3143 231 3198 dare,
243 3159 275 3191 an
287 3143 381 3192 insutus
392 3145 417 3192 in
429 3143 542 3204 culleum,
553 3148 608 3206 δια,
618 3144 680 3194 with

107 3206 253 3271 Landgran
264 3217 330 3258 note.

141 3289 197 3322 non
206 3280 295 3322 semol
306 3291 311 3324 :
331 3275 405 3338 ‘only
413 3274 472 3325 here
481 3276 505 3324 iu
515 3276 611 3333 Cicero,
621 3274 679 3323 who

108 3338 241 3389 elsewhere
248 3354 303 3388 uses
314 3355 364 3388 nan
371 3341 445 3389 semel
453 3341 498 3389 sed
504 3341 610 3404 saepius,
617 3343 680 3405 plus

109 3420 185 3470 quam
196 3405 276 3463 semel,
289 3421 317 3455 or
328 3407 402 3455 semel
411 3413 435 3454 et
445 3407 556 3470 saeptas'
570 3407 666 3470 [Reid].

141 3469 163 3518 6.
181 3475 328 3527 tumui:
345 3472 382 3520 lor
399 3473 440 3520 the
458 3471 636 3521 identification
654 3472 683 3520 ol

109 3536 197 3600 capitis
212 3536 352 3585 deminutio
363 3536 423 3586 with
436 3536 477 3586 the
489 3538 679 3602 death-penalty

109 3606 175 3660 see§
189 3616 243 3664 5n.
277 3602 332 3652 The
343 3603 403 3652 verb
414 3603 580 3652 isafamiliar
596 3619 642 3652 one
654 3604 679 3650 in

109 3669 160 3717 this
194 3669 356 3719 connection:
392 3668 423 3718 cf.
452 3670 493 3718 the
525 3669 621 3718 remark
654 3669 683 3717 oi

109 3734 263 3791 Hortensius,
280 3733 355 3782 illum
369 3735 484 3798 plumbeo
502 3735 588 3798 gladio
605 3735 679 3798 iugu-

109 3801 190 3849 latum
214 3798 258 3858 iri,
282 3800 334 3848 Att.
353 3800 369 3848 i.
390 3799 426 3850 16.
450 3816 473 3850 a.
508 3801 531 3849 lt
553 3799 680 3864 generally

110 3866 155 3914 has
177 3880 208 3912 an
231 3865 355 3914 iuvidious
377 3865 545 3924 connotation,
569 3881 623 3929 eg.
646 3866 680 3915 ad

110 3931 219 3980 Herenu.
231 3930 263 3978 ir.
277 3944 306 3993 51
320 3946 370 3980 uuo
386 3931 479 3981 iudicio
497 3931 571 3980 simul
588 3930 679 3980 multos

109 3995 296 4060 iugulaveritis,
316 3997 389 4046 Rosc.
406 3998 463 4046 Am.
484 4012 514 4061 ²9
535 4012 608 4061 quem
630 3996 679 4060 ipsi

108 4078 159 4111 non
171 4069 302 4126 potuerunt
313 4062 432 4120 occidere,
441 4078 497 4111 eum
509 4063 679 4125 iugulandum

109 4128 182 4177 vobis
189 4126 358 4186 tradiderunt;
376 4127 429 4178 that
440 4128 491 4177 this
502 4130 523 4177 is
533 4136 578 4177 not
586 4128 679 4191 always

110 4210 138 4242 so
155 4195 177 4242 is
212 4193 297 4241 oiuted
314 4201 358 4242 ont
376 4192 409 4257 by
421 4194 523 4255 Colson,
538 4194 595 4242 who
612 4208 679 4242 com·

110 4275 182 4325 pares
194 4209 293 4321 {uince
308 4271 336 4322 51
352 4259 469 4322 iugulare
480 4261 560 4309 civem
577 4275 608 4308 ne
623 4258 680 4307 iure

110 4325 210 4390 quidem
221 4324 351 4388 quisquam
363 4326 441 4373 bonus
452 4324 513 4375 vult.

143 4391 167 4440 8.
184 4405 241 4438 non
253 4426 260 4439 .
274 4426 280 4438 .
296 4396 375 4440 ,ιοᾱε
393 4390 435 4440 the
444 4391 515 4441 order
524 4390 548 4439 in
557 4390 600 4441 the
608 4388 680 4439 other

109 4456 182 4508 MSS.
203 4470 296 4519 appear
317 4460 344 4504 to
367 4471 408 4506 me
431 4455 468 4506 lar
486 4472 554 4507 more
574 4455 679 4506 sorcible

767 2960 806 2997 10.
823 2951 964 2994 insidias:
983 2943 1072 2992 Cicero
1089 2940 1230 3003 previously
1241 2941 1300 2990 mis-

731 3012 824 3077 quoted
849 3011 891 3060 the
913 3026 963 3058 sen.
987 3024 1065 3066 cous,
1088 3006 1121 3070 by
1143 3008 1304 3070 substituting

731 3078 819 3135 caedes,
838 3077 867 3124 in
885 3091 936 3140 qua
951 3090 995 3123 occ.
1014 3079 1050 3122 ast
1068 3073 1106 3121 ct.
1124 3073 1162 3120 lor
1179 3073 1208 3121 P.
1227 3072 1301 3120 Clodi

730 3144 818 3192 caedes.
865 3143 906 3191 He
923 3157 979 3188 now
995 3139 1087 3187 further
1107 3145 1215 3200 perverts
1232 3139 1251 3185 it
1269 3138 1302 3201 by

730 3207 890 3270 substituting
901 3206 1009 3255 imzh'zae
1019 3205 1057 3252 for
1069 3202 1164 3251 caedes.

755 3288 793 3336 15.
802 3279 927 3331 protento
937 3276 1027 3320 nihii:
1038 3273 1076 3318 ‘as
1085 3269 1097 3317 I
1105 3265 1301 3332 hold,nothing.'

731 3340 770 3390 cf.
785 3343 797 3397 5
812 3353 823 3387 a
838 3355 864 3387 n.

762 3412 796 3454 ut
807 3421 860 3454 ne:
881 3403 925 3451 ‘ut
941 3417 972 3451 ne
988 3401 1010 3450 is
1027 3416 1095 3449 more
1112 3414 1230 3448 sonorous
1241 3397 1301 3447 than

730 3486 761 3519 ne
772 3471 821 3518 and
833 3470 878 3518 has
888 3485 918 3517 an
929 3468 1027 3517 archaic
1036 3467 1098 3529 ring.
1122 3465 1146 3513 It
1156 3466 1177 3512 is
1186 3479 1301 3513 common

730 3537 756 3585 in
769 3536 811 3586 the
826 3535 906 3584 comic
922 3540 1001 3599 poets,
1014 3532 1062 3581 aud
1075 3533 1184 3593 frequent
1197 3530 1222 3577 in
1238 3529 1302 3590 cie,

729 3618 784 3666 eg.
806 3602 873 3650 Verr.
892 3601 918 3649 ii.
940 3601 986 3665 148
1005 3600 1024 3647 it
1044 3612 1131 3646 occurs
1149 3596 1203 3644 four
1219 3595 1300 3644 times.

730 3668 754 3716 lt
765 3669 787 3716 is
799 3683 852 3716 rare
868 3668 893 3715 in
909 3665 971 3714 later
987 3664 1096 3722 authors,
1109 3678 1129 3710 e.
1138 3677 1163 3724 g.
1177 3661 1239 3723 Livy
1251 3660 1301 3708 and

729 3732 848 3781 Tacitus’
869 3731 940 3796 [RH.
964 3746 988 3793 p.
1008 3727 1078 3792 472}
1113 3727 1254 3789 According
1275 3732 1301 3774 to

730 3797 945 3861 Seyffert-Miiller,
955 3796 1022 3845 Lael.
1035 3811 1059 3859 p.
1071 3807 1126 3855 305,
1137 3793 1156 3841 it
1165 3791 1249 3854 brings
1258 3799 1301 3839 out

730 3864 772 3912 the
781 3863 837 3912 idea
846 3863 875 3912 of
884 3877 999 3927 purpose,
1009 3861 1103 3923 design,
1113 3873 1181 3906 more
1190 3857 1301 3920 strongly

729 3929 790 3978 than
802 3945 840 3977 ne.
875 3928 951 3983 Here,
960 3928 1043 3976 asDr.
1054 3924 1120 3973 Reid
1129 3922 1245 3979 remarks,
1259 3923 1301 3970 the

730 3995 813 4044 clause
827 3996 847 4043 is
864 4009 879 4042 a
895 3991 1049 4042 consecutive
1062 4006 1116 4039 one.
1151 3988 1191 4038 cf.
1205 3988 1225 4035 F
1227 3988 1260 4036 iu.
1274 3987 1299 4036 ii.

732 4075 762 4122 24
774 4077 804 4109 ex
815 4076 865 4124 quo
876 4059 988 4118 efficitur,
1000 4073 1049 4106 uon
1061 4062 1091 4104 ut
1102 4055 1216 4118 voluptas
1227 4068 1257 4101 m
1268 4052 1301 4101 sit

729 4126 788 4175 volu
808 4132 854 4188 tas,
868 4125 917 4173 and
930 4124 993 4172 Reid
1006 4138 1038 4171 on
1050 4120 1113 4171 Sull.
1128 4131 1166 4183 27.

767 4205 775 4239 1
797 4229 802 4240 .
822 4197 863 4240 nit
880 4195 1012 4247 impune:
1029 4188 1061 4237 cs.
1080 4187 1142 4235 Tac.
1155 4187 1220 4233 Anu.
1233 4184 1250 4232 i.
1270 4194 1299 4247 72

730 4257 798 4307 dicta
810 4257 913 4320 impunc
924 4261 1006 4304 erant.

762 4330 825 4372 tum
836 4337 888 4370 noa
900 4338 906 4369 ι
923 4320 972 4370 this
984 4318 1086 4382 reading
1097 4315 1171 4366 looks
1185 4314 1300 4377 genuine,

730 4404 758 4437 as
770 4403 839 4436 more
849 4386 927 4449 likely
938 4393 965 4435 to
981 4386 1011 4434 be
1028 4384 1120 4434 altered
1136 4389 1162 4431 to
1178 4388 1208 4429 ut
1226 4380 1301 4445 [from

730 4460 760 4504 ut
771 4453 813 4518 nc]
826 4454 886 4503 than
899 4453 951 4502 vice
963 4467 1039 4500 versa
