<?xml version="1.0" encoding="UTF-8"?>
<!DOCTYPE html PUBLIC "-//W3C//DTD XHTML 1.0 Transitional//EN"
    "http://www.w3.org/TR/xhtml1/DTD/xhtml1-transitional.dtd">
<html xmlns="http://www.w3.org/1999/xhtml" xml:lang="en" lang="en">
 <head>
  <title>
</title>
<meta http-equiv="Content-Type" content="text/html;charset=utf-8" />
  <meta name='ocr-system' content='tesseract 3.04.00' />
  <meta name='ocr-capabilities' content='ocr_page ocr_carea ocr_par ocr_line ocrx_word'/>
</head>
<body>
  <div class='ocr_page' id='page_1' title='image "./protanniomilone00cicgoog/protanniomilone00cicgoog_0186.png"; bbox 0 0 2926 4928; ppageno 0'>
   <div class='ocr_carea' id='block_1_1' title="bbox 487 280 1295 380">
    <p class='ocr_par' dir='ltr' id='par_1_1' title="bbox 487 280 1295 380">
     <span class='ocr_line' id='line_1_1' title="bbox 487 280 1295 380; baseline -0.001 -3"><span class='ocrx_word' id='word_1_1' title='bbox 487 313 545 377; x_wconf 81' lang='lat' dir='ltr'>ru</span> <span class='ocrx_word' id='word_1_2' title='bbox 570 280 906 380; x_wconf 78' lang='lat' dir='ltr'><em>MILONJANAM.</em></span> <span class='ocrx_word' id='word_1_3' title='bbox 1236 328 1295 376; x_wconf 93' lang='lat'>111</span> 
     </span>
    </p>
   </div>
   <div class='ocr_carea' id='block_1_2' title="bbox 48 487 1348 4139">
    <p class='ocr_par' dir='ltr' id='par_1_2' title="bbox 92 487 1348 885">
     <span class='ocr_line' id='line_1_2' title="bbox 138 487 1297 574; baseline -0.003 -20"><span class='ocrx_word' id='word_1_4' title='bbox 138 489 238 574; x_wconf 87' lang='lat' dir='ltr'>Quod</span> <span class='ocrx_word' id='word_1_5' title='bbox 255 491 332 556; x_wconf 93' lang='lat' dir='ltr'>dicit</span> <span class='ocrx_word' id='word_1_6' title='bbox 355 490 515 554; x_wconf 91' lang='lat' dir='ltr'>intenta</span> <span class='ocrx_word' id='word_1_7' title='bbox 539 489 654 553; x_wconf 92' lang='lat' dir='ltr'>nobis</span> <span class='ocrx_word' id='word_1_8' title='bbox 677 497 739 552; x_wconf 94' lang='lat' dir='ltr'>est</span> <span class='ocrx_word' id='word_1_9' title='bbox 761 496 799 552; x_wconf 94' lang='lat' dir='ltr'>et</span> <span class='ocrx_word' id='word_1_10' title='bbox 822 487 932 553; x_wconf 94' lang='lat' dir='ltr'>obici</span> <span class='ocrx_word' id='word_1_11' title='bbox 956 509 1026 552; x_wconf 92' lang='lat' dir='ltr'>vos</span> <span class='ocrx_word' id='word_1_12' title='bbox 1048 508 1118 571; x_wconf 92' lang='lat' dir='ltr'>pro</span> <span class='ocrx_word' id='word_1_13' title='bbox 1141 509 1200 552; x_wconf 91' lang='lat' dir='ltr'>me</span> <span class='ocrx_word' id='word_1_14' title='bbox 1223 508 1297 552; x_wconf 93' lang='lat' dir='ltr'>non</span> 
     </span>
     <span class='ocr_line' id='line_1_3' title="bbox 93 592 1348 679; baseline -0.001 -21"><span class='ocrx_word' id='word_1_15' title='bbox 93 617 174 660; x_wconf 92' lang='lat' dir='ltr'>sum</span> <span class='ocrx_word' id='word_1_16' title='bbox 190 616 343 679; x_wconf 92' lang='lat' dir='ltr'>passus,</span> <span class='ocrx_word' id='word_1_17' title='bbox 363 593 368 679; x_wconf 90' lang='grc'>1</span> <span class='ocrx_word' id='word_1_18' title='bbox 388 592 600 658; x_wconf 90' lang='lat' dir='ltr'>manifestum</span> <span class='ocrx_word' id='word_1_19' title='bbox 617 603 668 658; x_wconf 93' lang='lat' dir='ltr'>est</span> <span class='ocrx_word' id='word_1_20' title='bbox 683 592 848 676; x_wconf 90' lang='lat' dir='ltr'>pertinere</span> <span class='ocrx_word' id='word_1_21' title='bbox 864 593 907 657; x_wconf 91' lang='lat' dir='ltr'>ad</span> <span class='ocrx_word' id='word_1_22' title='bbox 923 593 957 656; x_wconf 95' lang='lat' dir='ltr'>id</span> <span class='ocrx_word' id='word_1_23' title='bbox 973 601 1118 675; x_wconf 91' lang='lat' dir='ltr'>tempus,</span> <span class='ocrx_word' id='word_1_24' title='bbox 1132 612 1199 675; x_wconf 94' lang='lat' dir='ltr'>quo</span> <span class='ocrx_word' id='word_1_25' title='bbox 1222 601 1298 676; x_wconf 88' lang='lat' dir='ltr'>post</span> <span class='ocrx_word' id='word_1_26' title='bbox 1311 611 1348 663; x_wconf 83' lang='lat'>47</span> 
     </span>
     <span class='ocr_line' id='line_1_4' title="bbox 92 696 1299 783; baseline -0.001 -20"><span class='ocrx_word' id='word_1_27' title='bbox 92 701 298 783; x_wconf 85' lang='lat' dir='ltr'>rogationem</span> <span class='ocrx_word' id='word_1_28' title='bbox 314 720 333 763; x_wconf 91' lang='lat' dir='ltr'>a</span> <span class='ocrx_word' id='word_1_29' title='bbox 350 699 383 762; x_wconf 93' lang='lat' dir='ltr'>P.</span> <span class='ocrx_word' id='word_1_30' title='bbox 398 698 518 763; x_wconf 92' lang='lat' dir='ltr'>Clodio</span> <span class='ocrx_word' id='word_1_31' title='bbox 534 698 567 761; x_wconf 91' lang='lat' dir='ltr'>in</span> <span class='ocrx_word' id='word_1_32' title='bbox 583 717 659 761; x_wconf 93' lang='lat' dir='ltr'>eum</span> <span class='ocrx_word' id='word_1_33' title='bbox 675 696 921 782; x_wconf 86' lang='lat' dir='ltr'>promulgatam</span> <span class='ocrx_word' id='word_1_34' title='bbox 938 698 1019 761; x_wconf 89' lang='lat' dir='ltr'>urbe</span> <span class='ocrx_word' id='word_1_35' title='bbox 1034 698 1140 761; x_wconf 87' lang='lat' dir='ltr'><strong>cessit.</strong></span> <span class='ocrx_word' id='word_1_36' title='bbox 1186 696 1299 780; x_wconf 84' lang='lat' dir='ltr'>Quare</span> 
     </span>
     <span class='ocr_line' id='line_1_5' title="bbox 92 799 1299 885; baseline -0.002 -17"><span class='ocrx_word' id='word_1_37' title='bbox 92 805 183 868; x_wconf 88' lang='lat' dir='ltr'>dicat</span> <span class='ocrx_word' id='word_1_38' title='bbox 208 803 393 868; x_wconf 88' lang='lat' dir='ltr'>insidiata</span> <span class='ocrx_word' id='word_1_39' title='bbox 421 802 605 884; x_wconf 91' lang='lat' dir='ltr'>Pompeio</span> <span class='ocrx_word' id='word_1_40' title='bbox 632 811 700 877; x_wconf 88' lang='lat' dir='ltr'>est,</span> <span class='ocrx_word' id='word_1_41' title='bbox 725 799 874 864; x_wconf 86' lang='lat' dir='ltr'>fortassis</span> <span class='ocrx_word' id='word_1_42' title='bbox 900 802 1075 885; x_wconf 90' lang='lat' dir='ltr'>quaeratis.</span> <span class='ocrx_word' id='word_1_43' title='bbox 1123 801 1241 865; x_wconf 89' lang='lat' dir='ltr'>Pisone</span> <span class='ocrx_word' id='word_1_44' title='bbox 1264 809 1299 865; x_wconf 93' lang='lat' dir='ltr'>et</span> 
     </span>
    </p>

    <p class='ocr_par' dir='ltr' id='par_1_3' title="bbox 63 904 1300 1406">
     <span class='ocr_line' id='line_1_6' title="bbox 63 904 1299 990; baseline -0.002 -18"><span class='ocrx_word' id='word_1_45' title='bbox 63 906 239 972; x_wconf 83' lang='lat' dir='ltr'>5Gabinio</span> <span class='ocrx_word' id='word_1_46' title='bbox 261 928 344 972; x_wconf 91' lang='lat' dir='ltr'>coss.</span> <span class='ocrx_word' id='word_1_47' title='bbox 358 905 458 990; x_wconf 82' lang='lat' dir='ltr'>&#39;pulso</span> <span class='ocrx_word' id='word_1_48' title='bbox 481 905 643 972; x_wconf 86' lang='lat' dir='ltr'>Cicerone</span> <span class='ocrx_word' id='word_1_49' title='bbox 663 906 696 968; x_wconf 94' lang='lat' dir='ltr'>in</span> <span class='ocrx_word' id='word_1_50' title='bbox 713 905 864 982; x_wconf 91' lang='lat' dir='ltr'>exilium,</span> <span class='ocrx_word' id='word_1_51' title='bbox 880 925 955 970; x_wconf 92' lang='lat' dir='ltr'>cum</span> <span class='ocrx_word' id='word_1_52' title='bbox 973 905 1027 968; x_wconf 93' lang='grc' dir='ltr'>ΙΙΙ</span> <span class='ocrx_word' id='word_1_53' title='bbox 1051 905 1131 969; x_wconf 92' lang='lat' dir='ltr'>Idus</span> <span class='ocrx_word' id='word_1_54' title='bbox 1152 904 1299 970; x_wconf 88' lang='lat' dir='ltr'>Sextiles</span> 
     </span>
     <span class='ocr_line' id='line_1_7' title="bbox 92 1008 1300 1093; baseline -0.002 -18"><span class='ocrx_word' id='word_1_55' title='bbox 92 1011 271 1093; x_wconf 91' lang='lat' dir='ltr'>Pompeius</span> <span class='ocrx_word' id='word_1_56' title='bbox 286 1012 320 1075; x_wconf 93' lang='lat' dir='ltr'>in</span> <span class='ocrx_word' id='word_1_57' title='bbox 336 1019 488 1075; x_wconf 88' lang='lat' dir='ltr'>senatum</span> <span class='ocrx_word' id='word_1_58' title='bbox 504 1011 603 1086; x_wconf 91' lang='lat' dir='ltr'>venit,</span> <span class='ocrx_word' id='word_1_59' title='bbox 619 1009 739 1075; x_wconf 89' lang='lat' dir='ltr'>dicitur</span> <span class='ocrx_word' id='word_1_60' title='bbox 762 1029 857 1074; x_wconf 88' lang='lat' dir='ltr'>servo</span> <span class='ocrx_word' id='word_1_61' title='bbox 874 1008 910 1072; x_wconf 91' lang='lat' dir='ltr'>P.</span> <span class='ocrx_word' id='word_1_62' title='bbox 928 1008 1025 1074; x_wconf 90' lang='lat' dir='ltr'>Clodi</span> <span class='ocrx_word' id='word_1_63' title='bbox 1041 1009 1108 1073; x_wconf 92' lang='lat' dir='ltr'>sica</span> <span class='ocrx_word' id='word_1_64' title='bbox 1125 1009 1300 1085; x_wconf 89' lang='lat' dir='ltr'>excidisse,</span> 
     </span>
     <span class='ocr_line' id='line_1_8' title="bbox 92 1112 1298 1197; baseline -0.002 -18"><span class='ocrx_word' id='word_1_65' title='bbox 92 1135 198 1197; x_wconf 87' lang='lat' dir='ltr'>eaque</span> <span class='ocrx_word' id='word_1_66' title='bbox 213 1114 256 1179; x_wconf 90' lang='lat' dir='ltr'>ad</span> <span class='ocrx_word' id='word_1_67' title='bbox 273 1114 452 1180; x_wconf 90' lang='lat' dir='ltr'>Gabinium</span> <span class='ocrx_word' id='word_1_68' title='bbox 467 1112 636 1179; x_wconf 91' lang='lat' dir='ltr'>consulem</span> <span class='ocrx_word' id='word_1_69' title='bbox 655 1113 767 1177; x_wconf 89' lang='lat' dir='ltr'>delata</span> <span class='ocrx_word' id='word_1_70' title='bbox 782 1115 909 1178; x_wconf 91' lang='lat' dir='ltr'>dictum</span> <span class='ocrx_word' id='word_1_71' title='bbox 925 1122 976 1178; x_wconf 92' lang='lat' dir='ltr'>est</span> <span class='ocrx_word' id='word_1_72' title='bbox 990 1133 1085 1177; x_wconf 89' lang='lat' dir='ltr'>servo</span> <span class='ocrx_word' id='word_1_73' title='bbox 1099 1113 1298 1196; x_wconf 92' lang='lat' dir='ltr'>imperatum</span> 
     </span>
     <span class='ocr_line' id='line_1_9' title="bbox 92 1217 1298 1302; baseline -0.002 -19"><span class='ocrx_word' id='word_1_74' title='bbox 92 1240 112 1283; x_wconf 93' lang='lat' dir='ltr'>a</span> <span class='ocrx_word' id='word_1_75' title='bbox 129 1220 164 1284; x_wconf 90' lang='lat' dir='ltr'>P.</span> <span class='ocrx_word' id='word_1_76' title='bbox 181 1219 311 1296; x_wconf 92' lang='lat' dir='ltr'>Clodio,</span> <span class='ocrx_word' id='word_1_77' title='bbox 326 1228 363 1283; x_wconf 90' lang='lat' dir='ltr'>ut</span> <span class='ocrx_word' id='word_1_78' title='bbox 376 1219 554 1302; x_wconf 92' lang='lat' dir='ltr'>Pompeius</span> <span class='ocrx_word' id='word_1_79' title='bbox 570 1219 785 1283; x_wconf 90' lang='lat' dir='ltr'>occideretur.</span> <span class='ocrx_word' id='word_1_80' title='bbox 832 1217 1011 1299; x_wconf 92' lang='lat' dir='ltr'>Pompeius</span> <span class='ocrx_word' id='word_1_81' title='bbox 1029 1217 1143 1281; x_wconf 89' lang='lat' dir='ltr'>statim</span> <span class='ocrx_word' id='word_1_82' title='bbox 1159 1217 1298 1281; x_wconf 93' lang='lat' dir='ltr'>domum</span> 
     </span>
     <span class='ocr_line' id='line_1_10' title="bbox 93 1320 1299 1406; baseline -0.002 -19"><span class='ocrx_word' id='word_1_83' title='bbox 93 1323 189 1388; x_wconf 90' lang='lat' dir='ltr'>rediit</span> <span class='ocrx_word' id='word_1_84' title='bbox 207 1327 276 1404; x_wconf 79' lang='lat' dir='ltr'>(et)</span> <span class='ocrx_word' id='word_1_85' title='bbox 294 1343 338 1386; x_wconf 89' lang='lat' dir='ltr'>ex</span> <span class='ocrx_word' id='word_1_86' title='bbox 353 1344 395 1388; x_wconf 94' lang='lat' dir='ltr'>eo</span> <span class='ocrx_word' id='word_1_87' title='bbox 409 1322 500 1387; x_wconf 91' lang='lat' dir='ltr'>domi</span> <span class='ocrx_word' id='word_1_88' title='bbox 519 1321 594 1406; x_wconf 80' lang='lat' dir='ltr'>(se)</span> <span class='ocrx_word' id='word_1_89' title='bbox 611 1322 728 1386; x_wconf 85' lang='lat' dir='ltr'>tenuit.</span> <span class='ocrx_word' id='word_1_90' title='bbox 775 1321 942 1386; x_wconf 90' lang='lat' dir='ltr'>Obsessus</span> <span class='ocrx_word' id='word_1_91' title='bbox 957 1331 1008 1387; x_wconf 91' lang='lat' dir='ltr'>est</span> <span class='ocrx_word' id='word_1_92' title='bbox 1024 1321 1125 1385; x_wconf 92' lang='lat' dir='ltr'>etiam</span> <span class='ocrx_word' id='word_1_93' title='bbox 1141 1341 1161 1384; x_wconf 93' lang='lat' dir='ltr'>a</span> <span class='ocrx_word' id='word_1_94' title='bbox 1177 1320 1299 1386; x_wconf 91' lang='lat' dir='ltr'>liberto</span> 
     </span>
    </p>

    <p class='ocr_par' dir='ltr' id='par_1_4' title="bbox 48 1425 1300 1926">
     <span class='ocr_line' id='line_1_11' title="bbox 48 1425 1300 1508; baseline -0.002 -17"><span class='ocrx_word' id='word_1_95' title='bbox 48 1444 81 1482; x_wconf 88' lang='lat'>10</span> <span class='ocrx_word' id='word_1_96' title='bbox 95 1426 194 1491; x_wconf 91' lang='lat' dir='ltr'>Clodi</span> <span class='ocrx_word' id='word_1_97' title='bbox 222 1425 398 1504; x_wconf 89' lang='lat' dir='ltr'>Damione,</span> <span class='ocrx_word' id='word_1_98' title='bbox 426 1435 463 1490; x_wconf 93' lang='lat' dir='ltr'>ut</span> <span class='ocrx_word' id='word_1_99' title='bbox 493 1447 537 1490; x_wconf 94' lang='lat' dir='ltr'>ex</span> <span class='ocrx_word' id='word_1_100' title='bbox 561 1425 660 1490; x_wconf 90' lang='lat' dir='ltr'>Actis</span> <span class='ocrx_word' id='word_1_101' title='bbox 689 1427 760 1491; x_wconf 92' lang='lat' dir='ltr'>eius</span> <span class='ocrx_word' id='word_1_102' title='bbox 793 1425 915 1508; x_wconf 82' lang='lat' dir='ltr'>(anni)</span> <span class='ocrx_word' id='word_1_103' title='bbox 943 1426 1095 1507; x_wconf 83' lang='lat' dir='ltr'>cognovi,</span> <span class='ocrx_word' id='word_1_104' title='bbox 1120 1426 1153 1488; x_wconf 93' lang='lat' dir='ltr'>in</span> <span class='ocrx_word' id='word_1_105' title='bbox 1180 1426 1300 1507; x_wconf 89' lang='lat' dir='ltr'>quibus</span> 
     </span>
     <span class='ocr_line' id='line_1_12' title="bbox 94 1527 1298 1615; baseline -0.002 -22"><span class='ocrx_word' id='word_1_106' title='bbox 94 1530 162 1594; x_wconf 94' lang='lat' dir='ltr'>XV</span> <span class='ocrx_word' id='word_1_107' title='bbox 185 1529 261 1595; x_wconf 90' lang='lat' dir='ltr'>Kal.</span> <span class='ocrx_word' id='word_1_108' title='bbox 287 1529 380 1615; x_wconf 91' lang='lat' dir='ltr'>Sept.</span> <span class='ocrx_word' id='word_1_109' title='bbox 405 1529 445 1596; x_wconf 88' lang='lat' dir='ltr'>L.</span> <span class='ocrx_word' id='word_1_110' title='bbox 470 1530 599 1595; x_wconf 92' lang='lat' dir='ltr'>Novius</span> <span class='ocrx_word' id='word_1_111' title='bbox 624 1531 774 1594; x_wconf 90' lang='lat' dir='ltr'>tribunus</span> <span class='ocrx_word' id='word_1_112' title='bbox 801 1529 918 1613; x_wconf 89' lang='lat' dir='ltr'>plebis,</span> <span class='ocrx_word' id='word_1_113' title='bbox 941 1529 1068 1613; x_wconf 87' lang='lat' dir='ltr'>collega</span> <span class='ocrx_word' id='word_1_114' title='bbox 1092 1527 1200 1604; x_wconf 91' lang='lat' dir='ltr'>Clodi,</span> <span class='ocrx_word' id='word_1_115' title='bbox 1222 1549 1298 1592; x_wconf 89' lang='lat' dir='ltr'>cum</span> 
     </span>
     <span class='ocr_line' id='line_1_13' title="bbox 95 1632 1299 1717; baseline -0.002 -19"><span class='ocrx_word' id='word_1_116' title='bbox 95 1634 217 1698; x_wconf 89' lang='lat' dir='ltr'>Damio</span> <span class='ocrx_word' id='word_1_117' title='bbox 243 1634 417 1698; x_wconf 90' lang='lat' dir='ltr'>adversum</span> <span class='ocrx_word' id='word_1_118' title='bbox 443 1633 528 1717; x_wconf 79' lang='lat' dir='ltr'>(L.)</span> <span class='ocrx_word' id='word_1_119' title='bbox 554 1633 707 1698; x_wconf 91' lang='lat' dir='ltr'>Flavium</span> <span class='ocrx_word' id='word_1_120' title='bbox 730 1644 917 1716; x_wconf 90' lang='lat' dir='ltr'>praetorem</span> <span class='ocrx_word' id='word_1_121' title='bbox 942 1633 1125 1717; x_wconf 88' lang='lat' dir='ltr'>appellaret</span> <span class='ocrx_word' id='word_1_122' title='bbox 1148 1632 1299 1696; x_wconf 90' lang='lat' dir='ltr'>tribunos</span> 
     </span>
     <span class='ocr_line' id='line_1_14' title="bbox 94 1737 1299 1823; baseline 0.001 -22"><span class='ocrx_word' id='word_1_123' title='bbox 94 1746 128 1801; x_wconf 91' lang='lat' dir='ltr'>et</span> <span class='ocrx_word' id='word_1_124' title='bbox 153 1738 279 1802; x_wconf 90' lang='lat' dir='ltr'>tribuni</span> <span class='ocrx_word' id='word_1_125' title='bbox 303 1740 345 1802; x_wconf 92' lang='lat' dir='ltr'>de</span> <span class='ocrx_word' id='word_1_126' title='bbox 369 1737 593 1822; x_wconf 87' lang='lat' dir='ltr'>appellatione</span> <span class='ocrx_word' id='word_1_127' title='bbox 618 1746 863 1823; x_wconf 85' lang='lat' dir='ltr'>cognoscerent,</span> <span class='ocrx_word' id='word_1_128' title='bbox 890 1739 937 1802; x_wconf 92' lang='lat' dir='ltr'>ita</span> <span class='ocrx_word' id='word_1_129' title='bbox 961 1739 1160 1804; x_wconf 89' lang='lat' dir='ltr'>sententiam</span> <span class='ocrx_word' id='word_1_130' title='bbox 1188 1737 1299 1802; x_wconf 88' lang='lat' dir='ltr'>dixit:</span> 
     </span>
     <span class='ocr_line' id='line_1_15' title="bbox 96 1840 1300 1926; baseline -0.002 -20"><span class='ocrx_word' id='word_1_131' title='bbox 96 1841 201 1925; x_wconf 80' lang='lat' dir='ltr'>Et&lt;si</span> <span class='ocrx_word' id='word_1_132' title='bbox 223 1841 289 1926; x_wconf 84' lang='lat' dir='ltr'>ab)</span> <span class='ocrx_word' id='word_1_133' title='bbox 319 1842 393 1908; x_wconf 91' lang='lat' dir='ltr'>hoc</span> <span class='ocrx_word' id='word_1_134' title='bbox 423 1842 655 1926; x_wconf 88' lang='lat' dir='ltr'>apparitore</span> <span class='ocrx_word' id='word_1_135' title='bbox 683 1842 720 1905; x_wconf 95' lang='lat' dir='ltr'>P.</span> <span class='ocrx_word' id='word_1_136' title='bbox 746 1840 863 1907; x_wconf 93' lang='lat' dir='ltr'>Clodi</span> <span class='ocrx_word' id='word_1_137' title='bbox 885 1841 1121 1906; x_wconf 90' lang='lat' dir='ltr'>vulneratus</span> <span class='ocrx_word' id='word_1_138' title='bbox 1144 1863 1238 1919; x_wconf 92' lang='lat' dir='ltr'>sum,</span> <span class='ocrx_word' id='word_1_139' title='bbox 1261 1850 1300 1905; x_wconf 94' lang='lat' dir='ltr'>et</span> 
     </span>
    </p>

    <p class='ocr_par' dir='ltr' id='par_1_5' title="bbox 50 1946 1301 2342">
     <span class='ocr_line' id='line_1_16' title="bbox 50 1946 1299 2030; baseline -0.002 -18"><span class='ocrx_word' id='word_1_140' title='bbox 50 1946 318 2012; x_wconf 77' lang='lat' dir='ltr'>¹6h0minibus</span> <span class='ocrx_word' id='word_1_141' title='bbox 344 1947 513 2011; x_wconf 88' lang='lat' dir='ltr'>armatis</span> <span class='ocrx_word' id='word_1_142' title='bbox 542 1946 757 2029; x_wconf 88' lang='lat' dir='ltr'>praesidiis</span> <span class='ocrx_word' id='word_1_143' title='bbox 782 1946 993 2030; x_wconf 90' lang='lat' dir='ltr'>dispositis</span> <span class='ocrx_word' id='word_1_144' title='bbox 1020 1967 1041 2010; x_wconf 93' lang='lat' dir='ltr'>a</span> <span class='ocrx_word' id='word_1_145' title='bbox 1066 1967 1106 2010; x_wconf 92' lang='lat' dir='ltr'>re</span> <span class='ocrx_word' id='word_1_146' title='bbox 1136 1946 1299 2029; x_wconf 89' lang='lat' dir='ltr'>publica</span> 
     </span>
     <span class='ocr_line' id='line_1_17' title="bbox 95 2049 1300 2135; baseline 0.001 -22"><span class='ocrx_word' id='word_1_147' title='bbox 95 2060 273 2115; x_wconf 92' lang='lat' dir='ltr'>remotus</span> <span class='ocrx_word' id='word_1_148' title='bbox 290 2050 355 2115; x_wconf 91' lang='lat' dir='ltr'>Cn.</span> <span class='ocrx_word' id='word_1_149' title='bbox 374 2052 582 2135; x_wconf 93' lang='lat' dir='ltr'>Pompeius</span> <span class='ocrx_word' id='word_1_150' title='bbox 601 2052 785 2115; x_wconf 92' lang='lat' dir='ltr'>obsessus</span> <span class='ocrx_word' id='word_1_151' title='bbox 804 2060 886 2115; x_wconf 90' lang='lat' dir='ltr'>est:</span> <span class='ocrx_word' id='word_1_152' title='bbox 908 2070 993 2114; x_wconf 90' lang='lat' dir='ltr'>cum</span> <span class='ocrx_word' id='word_1_153' title='bbox 1015 2049 1207 2134; x_wconf 90' lang='lat' dir='ltr'>appeller,</span> <span class='ocrx_word' id='word_1_154' title='bbox 1222 2071 1300 2115; x_wconf 89' lang='lat' dir='ltr'>non</span> 
     </span>
     <span class='ocr_line' id='line_1_18' title="bbox 95 2153 1301 2239; baseline 0 -21"><span class='ocrx_word' id='word_1_155' title='bbox 95 2163 184 2219; x_wconf 90' lang='lat' dir='ltr'>utar</span> <span class='ocrx_word' id='word_1_156' title='bbox 206 2154 288 2220; x_wconf 92' lang='lat' dir='ltr'>eius</span> <span class='ocrx_word' id='word_1_157' title='bbox 311 2154 634 2239; x_wconf 62' lang='lat' dir='ltr'>exemploquem</span> <span class='ocrx_word' id='word_1_158' title='bbox 657 2155 852 2236; x_wconf 89' lang='lat' dir='ltr'>vituper0,</span> <span class='ocrx_word' id='word_1_159' title='bbox 875 2164 913 2219; x_wconf 91' lang='lat' dir='ltr'>et</span> <span class='ocrx_word' id='word_1_160' title='bbox 937 2154 1128 2220; x_wconf 90' lang='lat' dir='ltr'>iudicium</span> <span class='ocrx_word' id='word_1_161' title='bbox 1151 2153 1301 2232; x_wconf 90' lang='lat' dir='ltr'>tollam,</span> 
     </span>
     <span class='ocr_line' id='line_1_19' title="bbox 95 2258 583 2342; baseline -0.002 -19"><span class='ocrx_word' id='word_1_162' title='bbox 95 2269 129 2324; x_wconf 91' lang='lat' dir='ltr'>et</span> <span class='ocrx_word' id='word_1_163' title='bbox 145 2258 269 2342; x_wconf 89' lang='lat' dir='ltr'>reliqua</span> <span class='ocrx_word' id='word_1_164' title='bbox 283 2261 326 2324; x_wconf 93' lang='lat' dir='ltr'>de</span> <span class='ocrx_word' id='word_1_165' title='bbox 341 2259 583 2324; x_wconf 88' lang='lat' dir='ltr'>intercessione.</span> 
     </span>
    </p>

    <p class='ocr_par' dir='ltr' id='par_1_6' title="bbox 141 2361 1298 2445">
     <span class='ocr_line' id='line_1_20' title="bbox 141 2361 1298 2445; baseline 0.002 -19"><span class='ocrx_word' id='word_1_166' title='bbox 141 2364 249 2428; x_wconf 87' lang='lat' dir='ltr'>Haec</span> <span class='ocrx_word' id='word_1_167' title='bbox 273 2365 377 2426; x_wconf 92' lang='lat' dir='ltr'>viam</span> <span class='ocrx_word' id='word_1_168' title='bbox 402 2361 574 2445; x_wconf 90' lang='lat' dir='ltr'>Appiam</span> <span class='ocrx_word' id='word_1_169' title='bbox 601 2371 894 2426; x_wconf 87' lang='lat' dir='ltr'>monumentum</span> <span class='ocrx_word' id='word_1_170' title='bbox 920 2363 1088 2428; x_wconf 90' lang='lat' dir='ltr'>nominis</span> <span class='ocrx_word' id='word_1_171' title='bbox 1115 2364 1173 2428; x_wconf 90' lang='lat' dir='ltr'>sui</span> <span class='ocrx_word' id='word_1_172' title='bbox 1204 2385 1298 2428; x_wconf 92' lang='lat' dir='ltr'>nece</span> 
     </span>
    </p>

    <p class='ocr_par' dir='ltr' id='par_1_7' title="bbox 51 2467 480 2549">
     <span class='ocr_line' id='line_1_21' title="bbox 51 2467 480 2549; baseline -0.009 -15"><span class='ocrx_word' id='word_1_173' title='bbox 51 2497 83 2534; x_wconf 74' lang='grc' dir='ltr'>ω</span> <span class='ocrx_word' id='word_1_174' title='bbox 98 2467 228 2549; x_wconf 90' lang='lat' dir='ltr'>Papiri</span> <span class='ocrx_word' id='word_1_175' title='bbox 245 2467 480 2532; x_wconf 90' lang='lat' dir='ltr'>cruentavit.</span> 
     </span>
    </p>

    <p class='ocr_par' dir='ltr' id='par_1_8' title="bbox 97 2569 1298 2965">
     <span class='ocr_line' id='line_1_22' title="bbox 141 2569 1298 2655; baseline 0.001 -21"><span class='ocrx_word' id='word_1_176' title='bbox 141 2571 318 2655; x_wconf 89' lang='lat' dir='ltr'>Pompeius</span> <span class='ocrx_word' id='word_1_177' title='bbox 341 2579 417 2655; x_wconf 89' lang='lat' dir='ltr'>post</span> <span class='ocrx_word' id='word_1_178' title='bbox 441 2569 646 2654; x_wconf 91' lang='lat' dir='ltr'>triumphum</span> <span class='ocrx_word' id='word_1_179' title='bbox 670 2569 936 2635; x_wconf 89' lang='lat' dir='ltr'>Mithridaticum</span> <span class='ocrx_word' id='word_1_180' title='bbox 959 2570 1112 2654; x_wconf 88' lang='lat' dir='ltr'>Tigranis</span> <span class='ocrx_word' id='word_1_181' title='bbox 1135 2570 1239 2635; x_wconf 90' lang='lat' dir='ltr'>filium</span> <span class='ocrx_word' id='word_1_182' title='bbox 1265 2572 1298 2636; x_wconf 95' lang='lat' dir='ltr'>in</span> 
     </span>
     <span class='ocr_line' id='line_1_23' title="bbox 97 2672 1297 2758; baseline 0 -19"><span class='ocrx_word' id='word_1_183' title='bbox 97 2675 221 2739; x_wconf 89' lang='lat' dir='ltr'>catenis</span> <span class='ocrx_word' id='word_1_184' title='bbox 246 2675 443 2758; x_wconf 89' lang='lat' dir='ltr'>deposuerat</span> <span class='ocrx_word' id='word_1_185' title='bbox 469 2675 559 2757; x_wconf 90' lang='lat' dir='ltr'>apud</span> <span class='ocrx_word' id='word_1_186' title='bbox 585 2672 738 2739; x_wconf 90' lang='lat' dir='ltr'>Flavium</span> <span class='ocrx_word' id='word_1_187' title='bbox 762 2683 967 2738; x_wconf 88' lang='lat' dir='ltr'>senatorem:</span> <span class='ocrx_word' id='word_1_188' title='bbox 998 2676 1054 2756; x_wconf 94' lang='lat' dir='ltr'>qui</span> <span class='ocrx_word' id='word_1_189' title='bbox 1078 2684 1197 2758; x_wconf 89' lang='lat' dir='ltr'>postea</span> <span class='ocrx_word' id='word_1_190' title='bbox 1221 2696 1297 2739; x_wconf 96' lang='lat' dir='ltr'>cum</span> 
     </span>
     <span class='ocr_line' id='line_1_24' title="bbox 97 2777 1298 2863; baseline 0.002 -21"><span class='ocrx_word' id='word_1_191' title='bbox 97 2788 184 2842; x_wconf 87' lang='lat' dir='ltr'>esset</span> <span class='ocrx_word' id='word_1_192' title='bbox 201 2788 332 2862; x_wconf 91' lang='lat' dir='ltr'>praetor</span> <span class='ocrx_word' id='word_1_193' title='bbox 351 2779 470 2843; x_wconf 91' lang='lat' dir='ltr'>eodem</span> <span class='ocrx_word' id='word_1_194' title='bbox 490 2798 588 2853; x_wconf 88' lang='lat' dir='ltr'>anno,</span> <span class='ocrx_word' id='word_1_195' title='bbox 605 2799 672 2861; x_wconf 93' lang='lat' dir='ltr'>quo</span> <span class='ocrx_word' id='word_1_196' title='bbox 690 2778 842 2843; x_wconf 90' lang='lat' dir='ltr'>tribunus</span> <span class='ocrx_word' id='word_1_197' title='bbox 858 2778 965 2861; x_wconf 92' lang='lat' dir='ltr'>plebis</span> <span class='ocrx_word' id='word_1_198' title='bbox 981 2777 1129 2856; x_wconf 92' lang='lat' dir='ltr'>Clodius,</span> <span class='ocrx_word' id='word_1_199' title='bbox 1143 2781 1239 2863; x_wconf 91' lang='lat' dir='ltr'>petiit</span> <span class='ocrx_word' id='word_1_200' title='bbox 1255 2780 1298 2844; x_wconf 91' lang='lat' dir='ltr'>ab</span> 
     </span>
     <span class='ocr_line' id='line_1_25' title="bbox 97 2879 1297 2965; baseline 0.002 -20"><span class='ocrx_word' id='word_1_201' title='bbox 97 2902 136 2946; x_wconf 92' lang='lat' dir='ltr'>eo</span> <span class='ocrx_word' id='word_1_202' title='bbox 162 2879 298 2946; x_wconf 87' lang='lat' dir='ltr'>Clodius</span> <span class='ocrx_word' id='word_1_203' title='bbox 321 2902 420 2965; x_wconf 90' lang='lat' dir='ltr'>super</span> <span class='ocrx_word' id='word_1_204' title='bbox 444 2903 570 2957; x_wconf 91' lang='lat' dir='ltr'>cenam,</span> <span class='ocrx_word' id='word_1_205' title='bbox 591 2893 628 2946; x_wconf 93' lang='lat' dir='ltr'>ut</span> <span class='ocrx_word' id='word_1_206' title='bbox 652 2881 832 2965; x_wconf 85' lang='lat' dir='ltr'>Tigranem</span> <span class='ocrx_word' id='word_1_207' title='bbox 853 2882 976 2946; x_wconf 90' lang='lat' dir='ltr'>adduci</span> <span class='ocrx_word' id='word_1_208' title='bbox 1003 2883 1141 2960; x_wconf 89' lang='lat' dir='ltr'>iuberet,</span> <span class='ocrx_word' id='word_1_209' title='bbox 1163 2894 1196 2947; x_wconf 92' lang='lat' dir='ltr'>et</span> <span class='ocrx_word' id='word_1_210' title='bbox 1221 2905 1297 2947; x_wconf 93' lang='lat' dir='ltr'>eum</span> 
     </span>
    </p>

    <p class='ocr_par' dir='ltr' id='par_1_9' title="bbox 50 2985 1348 4139">
     <span class='ocr_line' id='line_1_26' title="bbox 52 2985 1298 3063; baseline 0.002 -13"><span class='ocrx_word' id='word_1_211' title='bbox 52 2987 230 3050; x_wconf 76' lang='lat' dir='ltr'>²5videret.</span> <span class='ocrx_word' id='word_1_212' title='bbox 283 2986 479 3051; x_wconf 91' lang='lat' dir='ltr'>Adductum</span> <span class='ocrx_word' id='word_1_213' title='bbox 510 2986 684 3053; x_wconf 87' lang='lat' dir='ltr'>collocavit</span> <span class='ocrx_word' id='word_1_214' title='bbox 717 2987 751 3050; x_wconf 94' lang='lat' dir='ltr'>in</span> <span class='ocrx_word' id='word_1_215' title='bbox 785 2987 946 3063; x_wconf 89' lang='lat' dir='ltr'>convivio,</span> <span class='ocrx_word' id='word_1_216' title='bbox 973 2985 1050 3050; x_wconf 92' lang='lat' dir='ltr'>dein</span> <span class='ocrx_word' id='word_1_217' title='bbox 1082 2986 1197 3053; x_wconf 91' lang='lat' dir='ltr'>Flavio</span> <span class='ocrx_word' id='word_1_218' title='bbox 1219 3008 1298 3052; x_wconf 88' lang='lat' dir='ltr'>non</span> 
     </span>
     <span class='ocr_line' id='line_1_27' title="bbox 95 3089 1297 3173; baseline 0.002 -21"><span class='ocrx_word' id='word_1_219' title='bbox 95 3090 239 3154; x_wconf 90' lang='lat' dir='ltr'>reddidit</span> <span class='ocrx_word' id='word_1_220' title='bbox 255 3090 433 3173; x_wconf 87' lang='lat' dir='ltr'>Tigranem</span> <span class='ocrx_word' id='word_1_221' title='bbox 446 3112 454 3165; x_wconf 89' lang='lat'>;</span> <span class='ocrx_word' id='word_1_222' title='bbox 477 3089 570 3153; x_wconf 90' lang='lat' dir='ltr'>domi</span> <span class='ocrx_word' id='word_1_223' title='bbox 581 3110 661 3155; x_wconf 90' lang='lat' dir='ltr'>suae</span> <span class='ocrx_word' id='word_1_224' title='bbox 676 3090 792 3155; x_wconf 92' lang='lat' dir='ltr'>habuit</span> <span class='ocrx_word' id='word_1_225' title='bbox 805 3099 903 3155; x_wconf 90' lang='lat' dir='ltr'>extra</span> <span class='ocrx_word' id='word_1_226' title='bbox 915 3100 1048 3155; x_wconf 87' lang='lat' dir='ltr'>catenas</span> <span class='ocrx_word' id='word_1_227' title='bbox 1060 3111 1122 3155; x_wconf 90' lang='lat' dir='ltr'>nec</span> <span class='ocrx_word' id='word_1_228' title='bbox 1135 3092 1297 3173; x_wconf 89' lang='lat' dir='ltr'>repetenti</span> 
     </span>
     <span class='ocr_line' id='line_1_28' title="bbox 96 3193 1298 3278; baseline 0.002 -21"><span class='ocrx_word' id='word_1_229' title='bbox 96 3193 257 3277; x_wconf 91' lang='lat' dir='ltr'>Pompeio</span> <span class='ocrx_word' id='word_1_230' title='bbox 273 3194 426 3258; x_wconf 90' lang='lat' dir='ltr'>reddidit.</span> <span class='ocrx_word' id='word_1_231' title='bbox 471 3193 592 3258; x_wconf 88' lang='lat' dir='ltr'>Postea</span> <span class='ocrx_word' id='word_1_232' title='bbox 607 3194 640 3258; x_wconf 95' lang='lat' dir='ltr'>in</span> <span class='ocrx_word' id='word_1_233' title='bbox 656 3215 774 3259; x_wconf 87' lang='lat' dir='ltr'>navem</span> <span class='ocrx_word' id='word_1_234' title='bbox 790 3193 953 3278; x_wconf 93' lang='lat' dir='ltr'>deposuit,</span> <span class='ocrx_word' id='word_1_235' title='bbox 969 3203 1094 3258; x_wconf 93' lang='lat' dir='ltr'>etcum</span> <span class='ocrx_word' id='word_1_236' title='bbox 1110 3195 1298 3277; x_wconf 86' lang='lat' dir='ltr'>profugeret</span> 
     </span>
     <span class='ocr_line' id='line_1_29' title="bbox 95 3296 1348 3382; baseline -0.002 -21"><span class='ocrx_word' id='word_1_237' title='bbox 95 3298 159 3372; x_wconf 90' lang='lat' dir='ltr'>ille,</span> <span class='ocrx_word' id='word_1_238' title='bbox 182 3307 381 3381; x_wconf 91' lang='lat' dir='ltr'>tempestate</span> <span class='ocrx_word' id='word_1_239' title='bbox 403 3297 536 3362; x_wconf 92' lang='lat' dir='ltr'>delatus</span> <span class='ocrx_word' id='word_1_240' title='bbox 558 3308 609 3363; x_wconf 93' lang='lat' dir='ltr'>est</span> <span class='ocrx_word' id='word_1_241' title='bbox 625 3298 778 3365; x_wconf 89' lang='lat' dir='ltr'>Antium.</span> <span class='ocrx_word' id='word_1_242' title='bbox 826 3300 910 3363; x_wconf 93' lang='lat' dir='ltr'>Inde</span> <span class='ocrx_word' id='word_1_243' title='bbox 930 3296 935 3382; x_wconf 90' lang='grc'>1</span> <span class='ocrx_word' id='word_1_244' title='bbox 956 3308 992 3363; x_wconf 93' lang='lat' dir='ltr'>ut</span> <span class='ocrx_word' id='word_1_245' title='bbox 1015 3298 1233 3365; x_wconf 89' lang='lat' dir='ltr'>deduceretur</span> <span class='ocrx_word' id='word_1_246' title='bbox 1254 3301 1297 3364; x_wconf 91' lang='lat' dir='ltr'>ad</span> <span class='ocrx_word' id='word_1_247' title='bbox 1310 3311 1348 3359; x_wconf 78' lang='lat'>48</span> 
     </span>
     <span class='ocr_line' id='line_1_30' title="bbox 96 3401 1297 3487; baseline 0.002 -22"><span class='ocrx_word' id='word_1_248' title='bbox 96 3421 142 3478; x_wconf 90' lang='lat' dir='ltr'>se,</span> <span class='ocrx_word' id='word_1_249' title='bbox 159 3401 295 3467; x_wconf 90' lang='lat' dir='ltr'>Clodius</span> <span class='ocrx_word' id='word_1_250' title='bbox 317 3401 394 3466; x_wconf 92' lang='lat' dir='ltr'>Sex.</span> <span class='ocrx_word' id='word_1_251' title='bbox 416 3401 583 3479; x_wconf 92' lang='lat' dir='ltr'>Clodium,</span> <span class='ocrx_word' id='word_1_252' title='bbox 597 3405 639 3467; x_wconf 87' lang='lat' dir='ltr'>de</span> <span class='ocrx_word' id='word_1_253' title='bbox 659 3423 726 3486; x_wconf 94' lang='lat' dir='ltr'>quo</span> <span class='ocrx_word' id='word_1_254' title='bbox 747 3424 846 3487; x_wconf 90' lang='lat' dir='ltr'>supra</span> <span class='ocrx_word' id='word_1_255' title='bbox 867 3402 1024 3478; x_wconf 90' lang='lat' dir='ltr'>diximus,</span> <span class='ocrx_word' id='word_1_256' title='bbox 1042 3401 1183 3486; x_wconf 81' lang='lat' dir='ltr'>(misit).</span> <span class='ocrx_word' id='word_1_257' title='bbox 1229 3405 1297 3487; x_wconf 86' lang='lat' dir='ltr'>Qui</span> 
     </span>
     <span class='ocr_line' id='line_1_31' title="bbox 50 3504 1296 3592; baseline 0.002 -23"><span class='ocrx_word' id='word_1_258' title='bbox 50 3525 83 3576; x_wconf 79' lang='lat' dir='ltr'>ao</span> <span class='ocrx_word' id='word_1_259' title='bbox 95 3526 170 3570; x_wconf 90' lang='lat' dir='ltr'>cum</span> <span class='ocrx_word' id='word_1_260' title='bbox 181 3507 358 3586; x_wconf 89' lang='lat' dir='ltr'>reduceret,</span> <span class='ocrx_word' id='word_1_261' title='bbox 369 3504 501 3570; x_wconf 91' lang='lat' dir='ltr'>Flavius</span> <span class='ocrx_word' id='word_1_262' title='bbox 513 3526 645 3590; x_wconf 92' lang='lat' dir='ltr'>quoque</span> <span class='ocrx_word' id='word_1_263' title='bbox 657 3528 692 3571; x_wconf 92' lang='lat' dir='ltr'>re</span> <span class='ocrx_word' id='word_1_264' title='bbox 704 3508 835 3591; x_wconf 86' lang='lat' dir='ltr'>cognita</span> <span class='ocrx_word' id='word_1_265' title='bbox 847 3506 889 3570; x_wconf 92' lang='lat' dir='ltr'>ad</span> <span class='ocrx_word' id='word_1_266' title='bbox 902 3506 1106 3588; x_wconf 87' lang='lat' dir='ltr'>eripiendum</span> <span class='ocrx_word' id='word_1_267' title='bbox 1117 3506 1296 3592; x_wconf 90' lang='lat' dir='ltr'>Tigranem</span> 
     </span>
     <span class='ocr_line' id='line_1_32' title="bbox 95 3609 1296 3694; baseline 0.002 -22"><span class='ocrx_word' id='word_1_268' title='bbox 95 3611 261 3692; x_wconf 90' lang='lat' dir='ltr'>profectus</span> <span class='ocrx_word' id='word_1_269' title='bbox 276 3617 335 3674; x_wconf 88' lang='lat' dir='ltr'>est.</span> <span class='ocrx_word' id='word_1_270' title='bbox 379 3609 438 3674; x_wconf 94' lang='lat' dir='ltr'>Ad</span> <span class='ocrx_word' id='word_1_271' title='bbox 454 3620 609 3693; x_wconf 91' lang='lat' dir='ltr'>quartum</span> <span class='ocrx_word' id='word_1_272' title='bbox 634 3610 779 3694; x_wconf 91' lang='lat' dir='ltr'>lapidem</span> <span class='ocrx_word' id='word_1_273' title='bbox 798 3611 841 3675; x_wconf 92' lang='lat' dir='ltr'>ab</span> <span class='ocrx_word' id='word_1_274' title='bbox 862 3611 943 3675; x_wconf 91' lang='lat' dir='ltr'>urbe</span> <span class='ocrx_word' id='word_1_275' title='bbox 958 3630 1070 3694; x_wconf 88' lang='lat' dir='ltr'>pugna</span> <span class='ocrx_word' id='word_1_276' title='bbox 1086 3609 1172 3675; x_wconf 88' lang='lat' dir='ltr'>lacta</span> <span class='ocrx_word' id='word_1_277' title='bbox 1187 3621 1248 3688; x_wconf 92' lang='lat' dir='ltr'>est,</span> <span class='ocrx_word' id='word_1_278' title='bbox 1263 3614 1296 3676; x_wconf 90' lang='lat' dir='ltr'>in</span> 
     </span>
     <span class='ocr_line' id='line_1_33' title="bbox 95 3712 1298 3797; baseline 0.002 -21"><span class='ocrx_word' id='word_1_279' title='bbox 95 3733 161 3796; x_wconf 92' lang='lat' dir='ltr'>qua</span> <span class='ocrx_word' id='word_1_280' title='bbox 184 3712 279 3777; x_wconf 90' lang='lat' dir='ltr'>multi</span> <span class='ocrx_word' id='word_1_281' title='bbox 303 3734 346 3777; x_wconf 89' lang='lat' dir='ltr'>ex</span> <span class='ocrx_word' id='word_1_282' title='bbox 371 3722 510 3797; x_wconf 89' lang='lat' dir='ltr'>utraque</span> <span class='ocrx_word' id='word_1_283' title='bbox 533 3723 627 3796; x_wconf 90' lang='lat' dir='ltr'>parte</span> <span class='ocrx_word' id='word_1_284' title='bbox 650 3715 849 3792; x_wconf 90' lang='lat' dir='ltr'>ceciderunt,</span> <span class='ocrx_word' id='word_1_285' title='bbox 865 3713 974 3797; x_wconf 88' lang='lat' dir='ltr'>plures</span> <span class='ocrx_word' id='word_1_286' title='bbox 996 3722 1109 3778; x_wconf 90' lang='lat' dir='ltr'>tamen</span> <span class='ocrx_word' id='word_1_287' title='bbox 1132 3736 1176 3778; x_wconf 92' lang='lat' dir='ltr'>ex</span> <span class='ocrx_word' id='word_1_288' title='bbox 1193 3715 1298 3792; x_wconf 89' lang='lat' dir='ltr'>Flavi,</span> 
     </span>
     <span class='ocr_line' id='line_1_34' title="bbox 96 3816 1296 3901; baseline 0.003 -21"><span class='ocrx_word' id='word_1_289' title='bbox 96 3817 182 3880; x_wconf 92' lang='lat' dir='ltr'>inter</span> <span class='ocrx_word' id='word_1_290' title='bbox 197 3837 281 3898; x_wconf 92' lang='lat' dir='ltr'>quos</span> <span class='ocrx_word' id='word_1_291' title='bbox 302 3826 336 3882; x_wconf 94' lang='lat' dir='ltr'>et</span> <span class='ocrx_word' id='word_1_292' title='bbox 352 3817 400 3882; x_wconf 91' lang='lat' dir='ltr'>M.</span> <span class='ocrx_word' id='word_1_293' title='bbox 415 3817 564 3900; x_wconf 91' lang='lat' dir='ltr'>Papirius</span> <span class='ocrx_word' id='word_1_294' title='bbox 583 3837 684 3901; x_wconf 89' lang='lat' dir='ltr'>eques</span> <span class='ocrx_word' id='word_1_295' title='bbox 707 3818 891 3894; x_wconf 90' lang='lat' dir='ltr'>Romanus,</span> <span class='ocrx_word' id='word_1_296' title='bbox 905 3816 1110 3899; x_wconf 89' lang='lat' dir='ltr'>publicanus,</span> <span class='ocrx_word' id='word_1_297' title='bbox 1125 3817 1296 3883; x_wconf 87' lang='lat' dir='ltr'>familiaris</span> 
     </span>
     <span class='ocr_line' id='line_1_35' title="bbox 97 3920 1078 4005; baseline 0 -20"><span class='ocrx_word' id='word_1_298' title='bbox 97 3920 267 4003; x_wconf 92' lang='lat' dir='ltr'>Pompeio.</span> <span class='ocrx_word' id='word_1_299' title='bbox 314 3920 447 3985; x_wconf 92' lang='lat' dir='ltr'>Flavius</span> <span class='ocrx_word' id='word_1_300' title='bbox 463 3922 534 3986; x_wconf 93' lang='lat' dir='ltr'>sine</span> <span class='ocrx_word' id='word_1_301' title='bbox 549 3923 673 3986; x_wconf 92' lang='lat' dir='ltr'>comite</span> <span class='ocrx_word' id='word_1_302' title='bbox 688 3922 833 3985; x_wconf 90' lang='lat' dir='ltr'>Romam</span> <span class='ocrx_word' id='word_1_303' title='bbox 848 3921 906 3984; x_wconf 93' lang='lat' dir='ltr'>vix</span> <span class='ocrx_word' id='word_1_304' title='bbox 923 3921 1078 4005; x_wconf 87' lang='lat' dir='ltr'>perfugit.</span> 
     </span>
     <span class='ocr_line' id='line_1_36' title="bbox 131 4072 1296 4139; baseline 0.004 -18"><span class='ocrx_word' id='word_1_305' title='bbox 131 4086 152 4123; x_wconf 90' lang='lat'>1.</span> <span class='ocrx_word' id='word_1_306' title='bbox 170 4072 264 4122; x_wconf 89' lang='lat' dir='ltr'>intenta</span> <span class='ocrx_word' id='word_1_307' title='bbox 276 4073 349 4123; x_wconf 90' lang='lat' dir='ltr'>codd.</span> <span class='ocrx_word' id='word_1_308' title='bbox 360 4072 423 4123; x_wconf 88' lang='lat' dir='ltr'>SM:</span> <span class='ocrx_word' id='word_1_309' title='bbox 442 4074 574 4123; x_wconf 75' lang='lat' dir='ltr'>intentata.</span> <span class='ocrx_word' id='word_1_310' title='bbox 686 4074 723 4123; x_wconf 89' lang='lat'>16.</span> <span class='ocrx_word' id='word_1_311' title='bbox 742 4083 849 4124; x_wconf 88' lang='lat' dir='ltr'>remotus</span> <span class='ocrx_word' id='word_1_312' title='bbox 861 4075 907 4125; x_wconf 90' lang='lat' dir='ltr'>Cn.</span> <span class='ocrx_word' id='word_1_313' title='bbox 918 4074 1052 4138; x_wconf 89' lang='lat' dir='ltr'>Pompeius</span> <span class='ocrx_word' id='word_1_314' title='bbox 1063 4075 1182 4130; x_wconf 84' lang='lat' dir='ltr'>obsessus,</span> <span class='ocrx_word' id='word_1_315' title='bbox 1194 4074 1296 4139; x_wconf 75' lang='lat' dir='ltr'>scripsit</span> 
     </span>
    </p>
   </div>
   <div class='ocr_carea' id='block_1_3' title="bbox 94 4136 1295 4269">
    <p class='ocr_par' dir='ltr' id='par_1_10' title="bbox 94 4136 1295 4269">
     <span class='ocr_line' id='line_1_37' title="bbox 94 4136 1295 4269; baseline 0.005 -82"><span class='ocrx_word' id='word_1_316' title='bbox 94 4138 304 4269; x_wconf 53' lang='lat' dir='ltr'>‹rim&#39;pl&#39;lelsuilmml</span> <span class='ocrx_word' id='word_1_317' title='bbox 326 4141 372 4189; x_wconf 86' lang='lat' dir='ltr'>Cn.</span> <span class='ocrx_word' id='word_1_318' title='bbox 395 4139 527 4203; x_wconf 81' lang='lat' dir='ltr'>Pompeius</span> <span class='ocrx_word' id='word_1_319' title='bbox 544 4136 729 4205; x_wconf 76' lang='lat' dir='ltr'>obsessus(que)</span> <span class='ocrx_word' id='word_1_320' title='bbox 747 4146 790 4189; x_wconf 84' lang='lat' dir='ltr'>est.</span> <span class='ocrx_word' id='word_1_321' title='bbox 918 4153 958 4201; x_wconf 81' lang='lat'>30.</span> <span class='ocrx_word' id='word_1_322' title='bbox 976 4140 1139 4205; x_wconf 84' lang='lat' dir='ltr'>eripiendum,</span> <span class='ocrx_word' id='word_1_323' title='bbox 1157 4140 1295 4193; x_wconf 83' lang='lat' dir='ltr'>Biicheler:</span> 
     </span>
     <span class='ocr_line' id='line_1_38' title="bbox 111 4220 276 4254; baseline 0 0"><span class='ocrx_word' id='word_1_324' title='bbox 111 4220 148 4254; x_wconf 81' lang='lat' dir='ltr'>m</span> <span class='ocrx_word' id='word_1_325' title='bbox 224 4220 276 4254; x_wconf 88' lang='lat' dir='ltr'>um.</span> 
     </span>
    </p>
   </div>
   <div class='ocr_carea' id='block_1_4' title="bbox 95 4327 1296 4525">
    <p class='ocr_par' dir='ltr' id='par_1_11' title="bbox 95 4327 1296 4525">
     <span class='ocr_line' id='line_1_39' title="bbox 131 4327 1296 4394; baseline 0 -18"><span class='ocrx_word' id='word_1_326' title='bbox 131 4341 169 4378; x_wconf 82' lang='lat'>11.</span> <span class='ocrx_word' id='word_1_327' title='bbox 188 4335 322 4379; x_wconf 69' lang='lat' dir='ltr'>nm:</span> <span class='ocrx_word' id='word_1_328' title='bbox 335 4328 670 4392; x_wconf 85' lang='lat' dir='ltr'>Rinkesproposestoinsert</span> <span class='ocrx_word' id='word_1_329' title='bbox 716 4331 788 4378; x_wconf 85' lang='lat' dir='ltr'>Acta.</span> <span class='ocrx_word' id='word_1_330' title='bbox 808 4327 1158 4394; x_wconf 83' lang='lat' dir='ltr'>Thedescription,however,</span> <span class='ocrx_word' id='word_1_331' title='bbox 1165 4328 1195 4377; x_wconf 89' lang='lat' dir='ltr'>of</span> <span class='ocrx_word' id='word_1_332' title='bbox 1200 4329 1296 4377; x_wconf 88' lang='lat' dir='ltr'>Novius</span> 
     </span>
     <span class='ocr_line' id='line_1_40' title="bbox 95 4393 1295 4457; baseline -0.002 -13"><span class='ocrx_word' id='word_1_333' title='bbox 95 4401 131 4444; x_wconf 81' lang='lat' dir='ltr'>est</span> <span class='ocrx_word' id='word_1_334' title='bbox 141 4394 225 4444; x_wconf 87' lang='lat' dir='ltr'>before</span> <span class='ocrx_word' id='word_1_335' title='bbox 237 4393 306 4444; x_wconf 88' lang='lat' dir='ltr'>these</span> <span class='ocrx_word' id='word_1_336' title='bbox 316 4394 405 4454; x_wconf 83' lang='lat' dir='ltr'>words,</span> <span class='ocrx_word' id='word_1_337' title='bbox 418 4394 531 4457; x_wconf 87' lang='lat' dir='ltr'>marking</span> <span class='ocrx_word' id='word_1_338' title='bbox 542 4396 608 4443; x_wconf 86' lang='lat' dir='ltr'>‘XV</span> <span class='ocrx_word' id='word_1_339' title='bbox 623 4431 629 4445; x_wconf 91' lang='lat'>.</span> <span class='ocrx_word' id='word_1_340' title='bbox 643 4430 670 4444; x_wconf 91' lang='lat'>..</span> <span class='ocrx_word' id='word_1_341' title='bbox 717 4411 745 4443; x_wconf 87' lang='lat' dir='ltr'>as</span> <span class='ocrx_word' id='word_1_342' title='bbox 764 4395 853 4457; x_wconf 77' lang='lat' dir='ltr'>collega</span> <span class='ocrx_word' id='word_1_343' title='bbox 875 4395 948 4444; x_wconf 80' lang='lat' dir='ltr'>Clodi</span> <span class='ocrx_word' id='word_1_344' title='bbox 962 4395 1022 4444; x_wconf 89' lang='lat' dir='ltr'>does</span> <span class='ocrx_word' id='word_1_345' title='bbox 1038 4402 1082 4445; x_wconf 91' lang='lat' dir='ltr'>not</span> <span class='ocrx_word' id='word_1_346' title='bbox 1100 4395 1178 4444; x_wconf 88' lang='lat' dir='ltr'>sound</span> <span class='ocrx_word' id='word_1_347' title='bbox 1194 4393 1245 4443; x_wconf 89' lang='lat' dir='ltr'>like</span> <span class='ocrx_word' id='word_1_348' title='bbox 1263 4410 1295 4442; x_wconf 89' lang='lat' dir='ltr'>au</span> 
     </span>
     <span class='ocr_line' id='line_1_41' title="bbox 96 4457 931 4525; baseline 0 -16"><span class='ocrx_word' id='word_1_349' title='bbox 96 4457 281 4511; x_wconf 78' lang='lat' dir='ltr'>intercessiom’</span> <span class='ocrx_word' id='word_1_350' title='bbox 303 4475 365 4510; x_wconf 78' lang='lat' dir='ltr'>asa</span> <span class='ocrx_word' id='word_1_351' title='bbox 388 4460 517 4525; x_wconf 87' lang='lat' dir='ltr'>quotation</span> <span class='ocrx_word' id='word_1_352' title='bbox 540 4460 604 4509; x_wconf 87' lang='lat' dir='ltr'>from</span> <span class='ocrx_word' id='word_1_353' title='bbox 628 4459 671 4510; x_wconf 89' lang='lat' dir='ltr'>the</span> <span class='ocrx_word' id='word_1_354' title='bbox 718 4460 810 4510; x_wconf 86' lang='lat' dir='ltr'>official</span> <span class='ocrx_word' id='word_1_355' title='bbox 822 4460 931 4510; x_wconf 82' lang='lat' dir='ltr'>citation.</span> 
     </span>
    </p>
   </div>
   <div class='ocr_carea' id='block_1_5' title="bbox 0 0 1468 4928">
    <p class='ocr_par' dir='ltr' id='par_1_12' title="bbox 0 0 1468 4928">
     <span class='ocr_line' id='line_1_42' title="bbox 0 0 1468 4928; baseline 0 0"><span class='ocrx_word' id='word_1_356' title='bbox 0 0 1468 4928; x_wconf 95' lang='lat' dir='ltr'> </span> 
     </span>
    </p>
   </div>
  </div>
 </body>
</html>
