<?xml version="1.0" encoding="UTF-8"?>
<!DOCTYPE html PUBLIC "-//W3C//DTD XHTML 1.0 Transitional//EN"
    "http://www.w3.org/TR/xhtml1/DTD/xhtml1-transitional.dtd">
<html xmlns="http://www.w3.org/1999/xhtml" xml:lang="en" lang="en">
 <head>
  <title>
</title>
<meta http-equiv="Content-Type" content="text/html;charset=utf-8" />
  <meta name='ocr-system' content='tesseract 3.04.00' />
  <meta name='ocr-capabilities' content='ocr_page ocr_carea ocr_par ocr_line ocrx_word'/>
</head>
<body>
  <div class='ocr_page' id='page_1' title='image "./protanniomilone00cicgoog/protanniomilone00cicgoog_0128.png"; bbox 0 0 2926 4928; ppageno 0'>
   <div class='ocr_carea' id='block_1_1' title="bbox 424 303 1318 391">
    <p class='ocr_par' dir='ltr' id='par_1_1' title="bbox 424 303 1318 391">
     <span class='ocr_line' id='line_1_1' title="bbox 424 303 1318 391; baseline 0.003 -24"><span class='ocrx_word' id='word_1_1' title='bbox 424 303 523 369; x_wconf 75' lang='lat' dir='ltr'>Pan</span> <span class='ocrx_word' id='word_1_2' title='bbox 556 303 589 368; x_wconf 77' lang='lat' dir='ltr'>r.</span> <span class='ocrx_word' id='word_1_3' title='bbox 619 303 779 370; x_wconf 72' lang='lat' dir='ltr'>Annio</span> <span class='ocrx_word' id='word_1_4' title='bbox 808 303 1006 370; x_wconf 73' lang='lat' dir='ltr'>Minoas.</span> <span class='ocrx_word' id='word_1_5' title='bbox 1274 321 1318 391; x_wconf 83' lang='lat'>53</span> 
     </span>
    </p>
   </div>
   <div class='ocr_carea' id='block_1_2' title="bbox 61 477 1425 2634">
    <p class='ocr_par' dir='ltr' id='par_1_2' title="bbox 116 477 1380 770">
     <span class='ocr_line' id='line_1_2' title="bbox 116 477 1317 564; baseline 0 -21"><span class='ocrx_word' id='word_1_6' title='bbox 116 489 225 543; x_wconf 88' lang='lat' dir='ltr'>satore</span> <span class='ocrx_word' id='word_1_7' title='bbox 241 478 395 563; x_wconf 92' lang='lat' dir='ltr'>producti</span> <span class='ocrx_word' id='word_1_8' title='bbox 409 488 494 544; x_wconf 91' lang='lat' dir='ltr'>sunt.</span> <span class='ocrx_word' id='word_1_9' title='bbox 541 477 632 561; x_wconf 84' lang='lat' dir='ltr'>Quid</span> <span class='ocrx_word' id='word_1_10' title='bbox 648 479 710 544; x_wconf 92' lang='lat' dir='ltr'>hac</span> <span class='ocrx_word' id='word_1_11' title='bbox 725 481 918 564; x_wconf 85' lang='lat' dir='ltr'>quaestione</span> <span class='ocrx_word' id='word_1_12' title='bbox 933 480 998 545; x_wconf 92' lang='lat' dir='ltr'>dici</span> <span class='ocrx_word' id='word_1_13' title='bbox 1017 488 1129 562; x_wconf 88' lang='lat' dir='ltr'>potest</span> <span class='ocrx_word' id='word_1_14' title='bbox 1151 479 1317 563; x_wconf 82' lang='lat' dir='ltr'>integrius,</span> 
     </span>
     <span class='ocr_line' id='line_1_3' title="bbox 116 582 454 666; baseline -0.003 -19"><span class='ocrx_word' id='word_1_15' title='bbox 116 583 195 666; x_wconf 91' lang='lat' dir='ltr'>quid</span> <span class='ocrx_word' id='word_1_16' title='bbox 212 582 454 665; x_wconf 88' lang='lat' dir='ltr'>incorruptius?</span> 
     </span>
     <span class='ocr_line' id='line_1_4' title="bbox 158 685 1380 770; baseline 0.001 -21"><span class='ocrx_word' id='word_1_17' title='bbox 158 685 257 769; x_wconf 84' lang='lat' dir='ltr'>Quod</span> <span class='ocrx_word' id='word_1_18' title='bbox 285 686 312 750; x_wconf 91' lang='lat' dir='ltr'>si</span> <span class='ocrx_word' id='word_1_19' title='bbox 336 686 484 749; x_wconf 92' lang='lat' dir='ltr'>nondum</span> <span class='ocrx_word' id='word_1_20' title='bbox 509 687 589 750; x_wconf 92' lang='lat' dir='ltr'>satis</span> <span class='ocrx_word' id='word_1_21' title='bbox 613 687 753 767; x_wconf 85' lang='lat' dir='ltr'>cernitis,</span> <span class='ocrx_word' id='word_1_22' title='bbox 774 708 850 752; x_wconf 90' lang='lat' dir='ltr'>curn</span> <span class='ocrx_word' id='word_1_23' title='bbox 873 709 924 752; x_wconf 91' lang='lat' dir='ltr'>res</span> <span class='ocrx_word' id='word_1_24' title='bbox 950 689 1022 770; x_wconf 89' lang='lat' dir='ltr'>ipsa</span> <span class='ocrx_word' id='word_1_25' title='bbox 1049 697 1101 752; x_wconf 91' lang='lat' dir='ltr'>tot</span> <span class='ocrx_word' id='word_1_26' title='bbox 1126 697 1196 752; x_wconf 90' lang='lat' dir='ltr'>tarn</span> <span class='ocrx_word' id='word_1_27' title='bbox 1220 687 1316 752; x_wconf 88' lang='lat' dir='ltr'>claris</span> <span class='ocrx_word' id='word_1_28' title='bbox 1329 695 1380 764; x_wconf 83' lang='lat'>23</span> 
     </span>
    </p>

    <p class='ocr_par' dir='ltr' id='par_1_3' title="bbox 115 784 1425 874">
     <span class='ocr_line' id='line_1_5' title="bbox 115 784 1425 874; baseline 0.001 -21"><span class='ocrx_word' id='word_1_29' title='bbox 115 790 314 872; x_wconf 86' lang='lat' dir='ltr'>argumentis</span> <span class='ocrx_word' id='word_1_30' title='bbox 329 791 496 874; x_wconf 88' lang='lat' dir='ltr'>signisque</span> <span class='ocrx_word' id='word_1_31' title='bbox 510 789 629 868; x_wconf 93' lang='lat' dir='ltr'>luceat,</span> <span class='ocrx_word' id='word_1_32' title='bbox 646 812 728 872; x_wconf 86' lang='lat' dir='ltr'>pura</span> <span class='ocrx_word' id='word_1_33' title='bbox 747 803 857 856; x_wconf 89' lang='lat' dir='ltr'>mente</span> <span class='ocrx_word' id='word_1_34' title='bbox 872 801 975 874; x_wconf 88' lang='lat' dir='ltr'>atque</span> <span class='ocrx_word' id='word_1_35' title='bbox 995 791 1122 873; x_wconf 89' lang='lat' dir='ltr'>integra</span> <span class='ocrx_word' id='word_1_36' title='bbox 1146 791 1316 870; x_wconf 91' lang='lat' dir='ltr'>Milonem,</span> <span class='ocrx_word' id='word_1_37' title='bbox 1329 784 1363 829; x_wconf 77' lang='lat'>⁰1</span> <span class='ocrx_word' id='word_1_38' title='bbox 1418 855 1425 870; x_wconf 72' lang='lat'>‚</span> 
     </span>
    </p>

    <p class='ocr_par' dir='ltr' id='par_1_4' title="bbox 87 892 1317 1186">
     <span class='ocr_line' id='line_1_6' title="bbox 87 892 1317 979; baseline -0.002 -17"><span class='ocrx_word' id='word_1_39' title='bbox 87 893 205 962; x_wconf 88' lang='lat' dir='ltr'>5nullo</span> <span class='ocrx_word' id='word_1_40' title='bbox 220 894 343 958; x_wconf 89' lang='lat' dir='ltr'>scelere</span> <span class='ocrx_word' id='word_1_41' title='bbox 363 892 538 971; x_wconf 91' lang='lat' dir='ltr'>imbutum,</span> <span class='ocrx_word' id='word_1_42' title='bbox 554 895 645 958; x_wconf 93' lang='lat' dir='ltr'>nullo</span> <span class='ocrx_word' id='word_1_43' title='bbox 668 905 758 959; x_wconf 87' lang='lat' dir='ltr'>metu</span> <span class='ocrx_word' id='word_1_44' title='bbox 775 895 995 979; x_wconf 90' lang='lat' dir='ltr'>perterritum,</span> <span class='ocrx_word' id='word_1_45' title='bbox 1011 895 1102 959; x_wconf 93' lang='lat' dir='ltr'>nulla</span> <span class='ocrx_word' id='word_1_46' title='bbox 1117 895 1317 959; x_wconf 91' lang='lat' dir='ltr'>conscientia</span> 
     </span>
     <span class='ocr_line' id='line_1_7' title="bbox 115 999 1315 1081; baseline -0.002 -19"><span class='ocrx_word' id='word_1_47' title='bbox 115 999 343 1062; x_wconf 85' lang='lat' dir='ltr'>exanimatum</span> <span class='ocrx_word' id='word_1_48' title='bbox 370 999 515 1061; x_wconf 87' lang='lat' dir='ltr'><strong>Romam</strong></span> <span class='ocrx_word' id='word_1_49' title='bbox 539 999 721 1076; x_wconf 90' lang='lat' dir='ltr'>revertisse,</span> <span class='ocrx_word' id='word_1_50' title='bbox 749 999 973 1075; x_wconf 86' lang='lat' dir='ltr'>recordamini,</span> <span class='ocrx_word' id='word_1_51' title='bbox 996 1019 1055 1081; x_wconf 93' lang='lat' dir='ltr'>per</span> <span class='ocrx_word' id='word_1_52' title='bbox 1075 1001 1156 1063; x_wconf 90' lang='lat' dir='ltr'>deos</span> <span class='ocrx_word' id='word_1_53' title='bbox 1180 999 1315 1063; x_wconf 91' lang='lat' dir='ltr'>immor-</span> 
     </span>
     <span class='ocr_line' id='line_1_8' title="bbox 114 1100 1317 1186; baseline -0.001 -21"><span class='ocrx_word' id='word_1_54' title='bbox 114 1102 206 1178; x_wconf 89' lang='lat' dir='ltr'>tales,</span> <span class='ocrx_word' id='word_1_55' title='bbox 230 1123 318 1185; x_wconf 94' lang='lat' dir='ltr'>quae</span> <span class='ocrx_word' id='word_1_56' title='bbox 339 1100 437 1165; x_wconf 86' lang='lat' dir='ltr'>luerit</span> <span class='ocrx_word' id='word_1_57' title='bbox 460 1101 610 1166; x_wconf 88' lang='lat' dir='ltr'>celeritas</span> <span class='ocrx_word' id='word_1_58' title='bbox 633 1104 758 1167; x_wconf 92' lang='lat' dir='ltr'>reditus</span> <span class='ocrx_word' id='word_1_59' title='bbox 781 1103 859 1180; x_wconf 91' lang='lat' dir='ltr'>eius,</span> <span class='ocrx_word' id='word_1_60' title='bbox 885 1104 942 1186; x_wconf 93' lang='lat' dir='ltr'>qui</span> <span class='ocrx_word' id='word_1_61' title='bbox 966 1103 1130 1186; x_wconf 90' lang='lat' dir='ltr'>ingressus</span> <span class='ocrx_word' id='word_1_62' title='bbox 1153 1103 1186 1165; x_wconf 95' lang='lat' dir='ltr'>in</span> <span class='ocrx_word' id='word_1_63' title='bbox 1210 1101 1317 1167; x_wconf 82' lang='lat' dir='ltr'>iorum</span> 
     </span>
    </p>

    <p class='ocr_par' dir='ltr' id='par_1_5' title="bbox 86 1205 1318 1393">
     <span class='ocr_line' id='line_1_9' title="bbox 86 1205 1317 1290; baseline 0.001 -22"><span class='ocrx_word' id='word_1_64' title='bbox 86 1249 88 1254; x_wconf 90' lang='lat'><em>-</em></span> <span class='ocrx_word' id='word_1_65' title='bbox 114 1208 251 1270; x_wconf 88' lang='lat' dir='ltr'>ardente</span> <span class='ocrx_word' id='word_1_66' title='bbox 277 1206 375 1281; x_wconf 90' lang='lat' dir='ltr'>curia,</span> <span class='ocrx_word' id='word_1_67' title='bbox 401 1225 487 1289; x_wconf 91' lang='lat' dir='ltr'>quae</span> <span class='ocrx_word' id='word_1_68' title='bbox 510 1206 707 1290; x_wconf 85' lang='lat' dir='ltr'>magnitudo</span> <span class='ocrx_word' id='word_1_69' title='bbox 728 1206 839 1280; x_wconf 85' lang='lat' dir='ltr'>animi,</span> <span class='ocrx_word' id='word_1_70' title='bbox 865 1207 923 1289; x_wconf 95' lang='lat' dir='ltr'>qui</span> <span class='ocrx_word' id='word_1_71' title='bbox 946 1205 1066 1284; x_wconf 90' lang='lat' dir='ltr'>vultus,</span> <span class='ocrx_word' id='word_1_72' title='bbox 1089 1226 1176 1289; x_wconf 93' lang='lat' dir='ltr'>quae</span> <span class='ocrx_word' id='word_1_73' title='bbox 1199 1207 1317 1270; x_wconf 88' lang='lat' dir='ltr'>oratio.</span> 
     </span>
     <span class='ocr_line' id='line_1_10' title="bbox 115 1307 1318 1393; baseline 0.002 -21"><span class='ocrx_word' id='word_1_74' title='bbox 115 1309 234 1393; x_wconf 91' lang='lat' dir='ltr'>Neque</span> <span class='ocrx_word' id='word_1_75' title='bbox 248 1330 327 1374; x_wconf 91' lang='lat' dir='ltr'>vero</span> <span class='ocrx_word' id='word_1_76' title='bbox 344 1330 379 1373; x_wconf 93' lang='lat' dir='ltr'>se</span> <span class='ocrx_word' id='word_1_77' title='bbox 395 1307 520 1392; x_wconf 93' lang='lat' dir='ltr'>populo</span> <span class='ocrx_word' id='word_1_78' title='bbox 536 1311 652 1386; x_wconf 91' lang='lat' dir='ltr'>solum,</span> <span class='ocrx_word' id='word_1_79' title='bbox 668 1312 727 1374; x_wconf 91' lang='lat' dir='ltr'>sed</span> <span class='ocrx_word' id='word_1_80' title='bbox 749 1311 851 1375; x_wconf 92' lang='lat' dir='ltr'>etiam</span> <span class='ocrx_word' id='word_1_81' title='bbox 872 1311 999 1375; x_wconf 91' lang='lat' dir='ltr'>senatui</span> <span class='ocrx_word' id='word_1_82' title='bbox 1020 1310 1195 1387; x_wconf 88' lang='lat' dir='ltr'>commisit,</span> <span class='ocrx_word' id='word_1_83' title='bbox 1210 1330 1318 1392; x_wconf 92' lang='lat' dir='ltr'>neque</span> 
     </span>
    </p>

    <p class='ocr_par' dir='ltr' id='par_1_6' title="bbox 72 1413 1317 1913">
     <span class='ocr_line' id='line_1_11' title="bbox 72 1413 1317 1497; baseline 0.005 -26"><span class='ocrx_word' id='word_1_84' title='bbox 72 1437 101 1470; x_wconf 81' lang='grc' dir='ltr'>ιο</span> <span class='ocrx_word' id='word_1_85' title='bbox 113 1414 242 1477; x_wconf 90' lang='lat' dir='ltr'>senatui</span> <span class='ocrx_word' id='word_1_86' title='bbox 263 1414 371 1492; x_wconf 91' lang='lat' dir='ltr'>mod0,</span> <span class='ocrx_word' id='word_1_87' title='bbox 389 1415 448 1477; x_wconf 90' lang='lat' dir='ltr'>sed</span> <span class='ocrx_word' id='word_1_88' title='bbox 467 1413 567 1478; x_wconf 92' lang='lat' dir='ltr'>etiam</span> <span class='ocrx_word' id='word_1_89' title='bbox 591 1413 732 1496; x_wconf 89' lang='lat' dir='ltr'>publicis</span> <span class='ocrx_word' id='word_1_90' title='bbox 752 1415 923 1497; x_wconf 91' lang='lat' dir='ltr'>praesidiis</span> <span class='ocrx_word' id='word_1_91' title='bbox 947 1423 981 1477; x_wconf 90' lang='lat' dir='ltr'>et</span> <span class='ocrx_word' id='word_1_92' title='bbox 1004 1414 1112 1490; x_wconf 90' lang='lat' dir='ltr'>armis,</span> <span class='ocrx_word' id='word_1_93' title='bbox 1136 1434 1243 1496; x_wconf 90' lang='lat' dir='ltr'>neque</span> <span class='ocrx_word' id='word_1_94' title='bbox 1266 1413 1317 1477; x_wconf 95' lang='lat' dir='ltr'>his</span> 
     </span>
     <span class='ocr_line' id='line_1_12' title="bbox 114 1517 1316 1600; baseline -0.001 -20"><span class='ocrx_word' id='word_1_95' title='bbox 114 1526 253 1594; x_wconf 88' lang='lat' dir='ltr'>tantum,</span> <span class='ocrx_word' id='word_1_96' title='bbox 282 1537 397 1580; x_wconf 92' lang='lat' dir='ltr'>verum</span> <span class='ocrx_word' id='word_1_97' title='bbox 427 1517 528 1580; x_wconf 87' lang='lat' dir='ltr'>etiam</span> <span class='ocrx_word' id='word_1_98' title='bbox 561 1519 632 1581; x_wconf 89' lang='lat' dir='ltr'>eius</span> <span class='ocrx_word' id='word_1_99' title='bbox 662 1519 830 1600; x_wconf 90' lang='lat' dir='ltr'>potestati,</span> <span class='ocrx_word' id='word_1_100' title='bbox 862 1519 913 1582; x_wconf 91' lang='lat' dir='ltr'>cui</span> <span class='ocrx_word' id='word_1_101' title='bbox 943 1527 1079 1582; x_wconf 91' lang='lat' dir='ltr'>senatus</span> <span class='ocrx_word' id='word_1_102' title='bbox 1110 1525 1216 1581; x_wconf 91' lang='lat' dir='ltr'>totam</span> <span class='ocrx_word' id='word_1_103' title='bbox 1246 1536 1316 1580; x_wconf 93' lang='lat' dir='ltr'>rem</span> 
     </span>
     <span class='ocr_line' id='line_1_13' title="bbox 111 1620 1317 1705; baseline 0.002 -21"><span class='ocrx_word' id='word_1_104' title='bbox 111 1621 290 1704; x_wconf 90' lang='lat' dir='ltr'>publicam,</span> <span class='ocrx_word' id='word_1_105' title='bbox 317 1641 452 1686; x_wconf 91' lang='lat' dir='ltr'>omnem</span> <span class='ocrx_word' id='word_1_106' title='bbox 479 1620 596 1685; x_wconf 91' lang='lat' dir='ltr'>Italiae</span> <span class='ocrx_word' id='word_1_107' title='bbox 620 1622 754 1704; x_wconf 93' lang='lat' dir='ltr'>pubem,</span> <span class='ocrx_word' id='word_1_108' title='bbox 779 1632 897 1687; x_wconf 87' lang='lat' dir='ltr'>cuncta</span> <span class='ocrx_word' id='word_1_109' title='bbox 920 1620 1033 1705; x_wconf 92' lang='lat' dir='ltr'>populi</span> <span class='ocrx_word' id='word_1_110' title='bbox 1058 1620 1203 1683; x_wconf 92' lang='lat' dir='ltr'>Romani</span> <span class='ocrx_word' id='word_1_111' title='bbox 1225 1641 1317 1686; x_wconf 89' lang='lat' dir='ltr'>arma</span> 
     </span>
     <span class='ocr_line' id='line_1_14' title="bbox 113 1721 1316 1808; baseline -0.002 -19"><span class='ocrx_word' id='word_1_112' title='bbox 113 1725 342 1799; x_wconf 83' lang='lat' dir='ltr'>commiserat3</span> <span class='ocrx_word' id='word_1_113' title='bbox 366 1723 419 1788; x_wconf 91' lang='lat' dir='ltr'>cui</span> <span class='ocrx_word' id='word_1_114' title='bbox 435 1744 616 1807; x_wconf 91' lang='lat' dir='ltr'>numquam</span> <span class='ocrx_word' id='word_1_115' title='bbox 632 1746 668 1789; x_wconf 92' lang='lat' dir='ltr'>se</span> <span class='ocrx_word' id='word_1_116' title='bbox 683 1726 736 1790; x_wconf 90' lang='lat' dir='ltr'>hic</span> <span class='ocrx_word' id='word_1_117' title='bbox 749 1726 897 1808; x_wconf 86' lang='lat' dir='ltr'>profecto</span> <span class='ocrx_word' id='word_1_118' title='bbox 909 1721 1109 1802; x_wconf 89' lang='lat' dir='ltr'>tradidisset,</span> <span class='ocrx_word' id='word_1_119' title='bbox 1122 1725 1185 1786; x_wconf 93' lang='lat' dir='ltr'>nisi</span> <span class='ocrx_word' id='word_1_120' title='bbox 1197 1743 1316 1788; x_wconf 86' lang='lat' dir='ltr'>causae</span> 
     </span>
     <span class='ocr_line' id='line_1_15' title="bbox 113 1828 1316 1913; baseline -0.003 -19"><span class='ocrx_word' id='word_1_121' title='bbox 113 1848 192 1894; x_wconf 89' lang='lat' dir='ltr'>suae</span> <span class='ocrx_word' id='word_1_122' title='bbox 222 1828 412 1907; x_wconf 88' lang='lat' dir='ltr'>confideret,</span> <span class='ocrx_word' id='word_1_123' title='bbox 436 1830 629 1911; x_wconf 90' lang='lat' dir='ltr'>praesertim</span> <span class='ocrx_word' id='word_1_124' title='bbox 661 1832 773 1894; x_wconf 91' lang='lat' dir='ltr'>omnia</span> <span class='ocrx_word' id='word_1_125' title='bbox 803 1829 958 1909; x_wconf 89' lang='lat' dir='ltr'>audienti,</span> <span class='ocrx_word' id='word_1_126' title='bbox 989 1849 1112 1913; x_wconf 89' lang='lat' dir='ltr'>magna</span> <span class='ocrx_word' id='word_1_127' title='bbox 1142 1829 1316 1908; x_wconf 91' lang='lat' dir='ltr'>metuenti,</span> 
     </span>
    </p>

    <p class='ocr_par' dir='ltr' id='par_1_7' title="bbox 69 1932 1365 2432">
     <span class='ocr_line' id='line_1_16' title="bbox 69 1932 1314 2018; baseline 0.001 -23"><span class='ocrx_word' id='word_1_128' title='bbox 69 1954 98 2002; x_wconf 86' lang='lat'>15</span> <span class='ocrx_word' id='word_1_129' title='bbox 113 1932 217 1996; x_wconf 90' lang='lat' dir='ltr'>multa</span> <span class='ocrx_word' id='word_1_130' title='bbox 232 1933 420 2016; x_wconf 91' lang='lat' dir='ltr'>suspicanti,</span> <span class='ocrx_word' id='word_1_131' title='bbox 436 1954 503 1997; x_wconf 92' lang='lat' dir='ltr'>non</span> <span class='ocrx_word' id='word_1_132' title='bbox 518 1933 607 1997; x_wconf 86' lang='lat' dir='ltr'>nulla</span> <span class='ocrx_word' id='word_1_133' title='bbox 622 1935 778 1999; x_wconf 92' lang='lat' dir='ltr'>credenti.</span> <span class='ocrx_word' id='word_1_134' title='bbox 812 1935 939 2018; x_wconf 86' lang='lat' dir='ltr'>Magna</span> <span class='ocrx_word' id='word_1_135' title='bbox 949 1935 1000 1996; x_wconf 92' lang='lat' dir='ltr'>vis</span> <span class='ocrx_word' id='word_1_136' title='bbox 1019 1944 1070 1998; x_wconf 90' lang='lat' dir='ltr'>est</span> <span class='ocrx_word' id='word_1_137' title='bbox 1085 1933 1314 2007; x_wconf 89' lang='lat' dir='ltr'>conscientiae,</span> 
     </span>
     <span class='ocr_line' id='line_1_17' title="bbox 112 2036 1315 2121; baseline -0.001 -22"><span class='ocrx_word' id='word_1_138' title='bbox 112 2037 244 2114; x_wconf 91' lang='lat' dir='ltr'>iudices,</span> <span class='ocrx_word' id='word_1_139' title='bbox 263 2046 297 2100; x_wconf 91' lang='lat' dir='ltr'>et</span> <span class='ocrx_word' id='word_1_140' title='bbox 320 2057 442 2121; x_wconf 88' lang='lat' dir='ltr'>magna</span> <span class='ocrx_word' id='word_1_141' title='bbox 469 2036 504 2099; x_wconf 93' lang='lat' dir='ltr'>in</span> <span class='ocrx_word' id='word_1_142' title='bbox 527 2046 704 2119; x_wconf 86' lang='lat' dir='ltr'>utramque</span> <span class='ocrx_word' id='word_1_143' title='bbox 731 2048 870 2120; x_wconf 91' lang='lat' dir='ltr'>partem,</span> <span class='ocrx_word' id='word_1_144' title='bbox 897 2047 935 2102; x_wconf 91' lang='lat' dir='ltr'>ut</span> <span class='ocrx_word' id='word_1_145' title='bbox 960 2057 1067 2121; x_wconf 90' lang='lat' dir='ltr'>neque</span> <span class='ocrx_word' id='word_1_146' title='bbox 1091 2037 1232 2100; x_wconf 91' lang='lat' dir='ltr'>timeant</span> <span class='ocrx_word' id='word_1_147' title='bbox 1258 2036 1315 2118; x_wconf 92' lang='lat' dir='ltr'>qui</span> 
     </span>
     <span class='ocr_line' id='line_1_18' title="bbox 112 2139 1315 2224; baseline 0.001 -21"><span class='ocrx_word' id='word_1_148' title='bbox 112 2139 191 2203; x_wconf 92' lang='lat' dir='ltr'>nihil</span> <span class='ocrx_word' id='word_1_149' title='bbox 208 2140 442 2218; x_wconf 92' lang='lat' dir='ltr'>commiserint,</span> <span class='ocrx_word' id='word_1_150' title='bbox 456 2150 490 2205; x_wconf 88' lang='lat' dir='ltr'>et</span> <span class='ocrx_word' id='word_1_151' title='bbox 510 2161 652 2223; x_wconf 91' lang='lat' dir='ltr'>poenam</span> <span class='ocrx_word' id='word_1_152' title='bbox 670 2162 801 2224; x_wconf 91' lang='lat' dir='ltr'>semper</span> <span class='ocrx_word' id='word_1_153' title='bbox 824 2152 902 2207; x_wconf 87' lang='lat' dir='ltr'>ante</span> <span class='ocrx_word' id='word_1_154' title='bbox 922 2141 1036 2207; x_wconf 93' lang='lat' dir='ltr'>oculos</span> <span class='ocrx_word' id='word_1_155' title='bbox 1052 2139 1176 2203; x_wconf 91' lang='lat' dir='ltr'>versari</span> <span class='ocrx_word' id='word_1_156' title='bbox 1197 2149 1315 2223; x_wconf 90' lang='lat' dir='ltr'>putent</span> 
     </span>
     <span class='ocr_line' id='line_1_19' title="bbox 111 2242 1365 2327; baseline -0.004 -21"><span class='ocrx_word' id='word_1_157' title='bbox 111 2244 168 2326; x_wconf 94' lang='lat' dir='ltr'>qui</span> <span class='ocrx_word' id='word_1_158' title='bbox 198 2245 372 2326; x_wconf 89' lang='lat' dir='ltr'>peccarint.</span> <span class='ocrx_word' id='word_1_159' title='bbox 417 2243 537 2327; x_wconf 92' lang='lat' dir='ltr'>Neque</span> <span class='ocrx_word' id='word_1_160' title='bbox 566 2266 645 2310; x_wconf 93' lang='lat' dir='ltr'>vero</span> <span class='ocrx_word' id='word_1_161' title='bbox 675 2246 746 2309; x_wconf 94' lang='lat' dir='ltr'>sine</span> <span class='ocrx_word' id='word_1_162' title='bbox 776 2246 904 2322; x_wconf 83' lang='lat' dir='ltr'>ratione</span> <span class='ocrx_word' id='word_1_163' title='bbox 935 2255 1026 2309; x_wconf 93' lang='lat' dir='ltr'>certa</span> <span class='ocrx_word' id='word_1_164' title='bbox 1055 2263 1153 2307; x_wconf 89' lang='lat' dir='ltr'>causa</span> <span class='ocrx_word' id='word_1_165' title='bbox 1181 2242 1314 2307; x_wconf 91' lang='lat' dir='ltr'>Milonis</span> <span class='ocrx_word' id='word_1_166' title='bbox 1327 2255 1365 2303; x_wconf 80' lang='lat' dir='ltr'>oa</span> 
     </span>
     <span class='ocr_line' id='line_1_20' title="bbox 111 2345 1313 2432; baseline -0.001 -21"><span class='ocrx_word' id='word_1_167' title='bbox 111 2367 241 2431; x_wconf 91' lang='lat' dir='ltr'>semper</span> <span class='ocrx_word' id='word_1_168' title='bbox 265 2368 284 2410; x_wconf 93' lang='lat' dir='ltr'>a</span> <span class='ocrx_word' id='word_1_169' title='bbox 310 2358 427 2412; x_wconf 86' lang='lat' dir='ltr'>senatu</span> <span class='ocrx_word' id='word_1_170' title='bbox 452 2348 593 2431; x_wconf 88' lang='lat' dir='ltr'>probata</span> <span class='ocrx_word' id='word_1_171' title='bbox 620 2358 690 2426; x_wconf 87' lang='lat' dir='ltr'>est;</span> <span class='ocrx_word' id='word_1_172' title='bbox 720 2351 880 2415; x_wconf 92' lang='lat' dir='ltr'>videbant</span> <span class='ocrx_word' id='word_1_173' title='bbox 904 2347 1138 2432; x_wconf 90' lang='lat' dir='ltr'>sapientissimi</span> <span class='ocrx_word' id='word_1_174' title='bbox 1161 2345 1313 2410; x_wconf 93' lang='lat' dir='ltr'>homines</span> 
     </span>
    </p>

    <p class='ocr_par' dir='ltr' id='par_1_8' title="bbox 61 2451 1314 2634">
     <span class='ocr_line' id='line_1_21' title="bbox 61 2451 1314 2534; baseline -0.001 -20"><span class='ocrx_word' id='word_1_175' title='bbox 61 2468 99 2504; x_wconf 75' lang='lat' dir='ltr'>ao</span> <span class='ocrx_word' id='word_1_176' title='bbox 112 2451 190 2515; x_wconf 84' lang='lat' dir='ltr'>iacti</span> <span class='ocrx_word' id='word_1_177' title='bbox 207 2453 376 2528; x_wconf 90' lang='lat' dir='ltr'>rationem,</span> <span class='ocrx_word' id='word_1_178' title='bbox 392 2452 612 2534; x_wconf 88' lang='lat' dir='ltr'>praesentiam</span> <span class='ocrx_word' id='word_1_179' title='bbox 629 2453 742 2530; x_wconf 90' lang='lat' dir='ltr'>animi,</span> <span class='ocrx_word' id='word_1_180' title='bbox 758 2453 957 2519; x_wconf 88' lang='lat' dir='ltr'>defensionis</span> <span class='ocrx_word' id='word_1_181' title='bbox 977 2451 1209 2517; x_wconf 90' lang='lat' dir='ltr'>constantiam.</span> <span class='ocrx_word' id='word_1_182' title='bbox 1256 2451 1314 2514; x_wconf 89' lang='lat' dir='ltr'>An</span> 
     </span>
     <span class='ocr_line' id='line_1_22' title="bbox 111 2553 1313 2634; baseline -0.002 -16"><span class='ocrx_word' id='word_1_183' title='bbox 111 2576 190 2619; x_wconf 93' lang='lat' dir='ltr'>vero</span> <span class='ocrx_word' id='word_1_184' title='bbox 205 2555 301 2619; x_wconf 88' lang='lat' dir='ltr'>obliti</span> <span class='ocrx_word' id='word_1_185' title='bbox 319 2555 406 2630; x_wconf 90' lang='lat' dir='ltr'>estis,</span> <span class='ocrx_word' id='word_1_186' title='bbox 422 2555 558 2634; x_wconf 91' lang='lat' dir='ltr'>iudices,</span> <span class='ocrx_word' id='word_1_187' title='bbox 573 2557 696 2620; x_wconf 91' lang='lat' dir='ltr'>recenti</span> <span class='ocrx_word' id='word_1_188' title='bbox 717 2557 773 2621; x_wconf 93' lang='lat' dir='ltr'>illo</span> <span class='ocrx_word' id='word_1_189' title='bbox 794 2558 912 2621; x_wconf 88' lang='lat' dir='ltr'>nuntio</span> <span class='ocrx_word' id='word_1_190' title='bbox 933 2557 1022 2621; x_wconf 93' lang='lat' dir='ltr'>necis</span> <span class='ocrx_word' id='word_1_191' title='bbox 1046 2553 1227 2619; x_wconf 90' lang='lat' dir='ltr'>Clodianae</span> <span class='ocrx_word' id='word_1_192' title='bbox 1246 2574 1313 2618; x_wconf 92' lang='lat' dir='ltr'>non</span> 
     </span>
    </p>
   </div>
   <div class='ocr_carea' id='block_1_3' title="bbox 112 2690 1315 2888">
    <p class='ocr_par' dir='ltr' id='par_1_9' title="bbox 112 2690 1315 2888">
     <span class='ocr_line' id='line_1_23' title="bbox 147 2690 1315 2755; baseline 0.001 -16"><span class='ocrx_word' id='word_1_193' title='bbox 147 2700 170 2754; x_wconf 78' lang='lat'>7.</span> <span class='ocrx_word' id='word_1_194' title='bbox 188 2691 260 2741; x_wconf 85' lang='lat' dir='ltr'>luerit</span> <span class='ocrx_word' id='word_1_195' title='bbox 280 2690 347 2741; x_wconf 87' lang='lat' dir='ltr'>HE:</span> <span class='ocrx_word' id='word_1_196' title='bbox 358 2691 451 2755; x_wconf 80' lang='lat' dir='ltr'>fuerat</span> <span class='ocrx_word' id='word_1_197' title='bbox 462 2690 528 2753; x_wconf 90' lang='grc' dir='ltr'>Τσχ.</span> <span class='ocrx_word' id='word_1_198' title='bbox 638 2705 677 2743; x_wconf 87' lang='lat'>10.</span> <span class='ocrx_word' id='word_1_199' title='bbox 695 2693 771 2742; x_wconf 91' lang='lat' dir='ltr'>modo</span> <span class='ocrx_word' id='word_1_200' title='bbox 781 2709 829 2742; x_wconf 88' lang='lat' dir='ltr'>om.</span> <span class='ocrx_word' id='word_1_201' title='bbox 844 2693 879 2742; x_wconf 88' lang='lat' dir='ltr'>H.</span> <span class='ocrx_word' id='word_1_202' title='bbox 946 2693 1000 2743; x_wconf 88' lang='lat' dir='ltr'>his:</span> <span class='ocrx_word' id='word_1_203' title='bbox 1018 2691 1052 2740; x_wconf 77' lang='lat' dir='ltr'>iis</span> <span class='ocrx_word' id='word_1_204' title='bbox 1063 2690 1099 2740; x_wconf 91' lang='lat' dir='ltr'>H.</span> <span class='ocrx_word' id='word_1_205' title='bbox 1206 2702 1244 2738; x_wconf 87' lang='lat'>11.</span> <span class='ocrx_word' id='word_1_206' title='bbox 1262 2690 1315 2740; x_wconf 84' lang='lat' dir='ltr'>eins</span> 
     </span>
     <span class='ocr_line' id='line_1_24' title="bbox 112 2753 1313 2822; baseline -0.002 -14"><span class='ocrx_word' id='word_1_207' title='bbox 112 2773 160 2808; x_wconf 85' lang='lat' dir='ltr'>om.</span> <span class='ocrx_word' id='word_1_208' title='bbox 173 2773 206 2805; x_wconf 77' lang='lat' dir='ltr'>a:</span> <span class='ocrx_word' id='word_1_209' title='bbox 224 2757 250 2805; x_wconf 82' lang='lat' dir='ltr'>ei</span> <span class='ocrx_word' id='word_1_210' title='bbox 258 2772 285 2814; x_wconf 83' lang='lat' dir='ltr'>s;</span> <span class='ocrx_word' id='word_1_211' title='bbox 302 2756 374 2806; x_wconf 82' lang='lat' dir='ltr'>omni</span> <span class='ocrx_word' id='word_1_212' title='bbox 382 2773 409 2817; x_wconf 89' lang='grc' dir='ltr'>χ.</span> <span class='ocrx_word' id='word_1_213' title='bbox 528 2770 566 2806; x_wconf 78' lang='lat'>1².</span> <span class='ocrx_word' id='word_1_214' title='bbox 584 2757 672 2822; x_wconf 90' lang='lat' dir='ltr'>populi</span> <span class='ocrx_word' id='word_1_215' title='bbox 684 2759 808 2807; x_wconf 88' lang='lat' dir='ltr'>Romani:</span> <span class='ocrx_word' id='word_1_216' title='bbox 825 2759 859 2806; x_wconf 89' lang='lat' dir='ltr'>R.</span> <span class='ocrx_word' id='word_1_217' title='bbox 871 2760 903 2807; x_wconf 83' lang='lat' dir='ltr'>P.</span> <span class='ocrx_word' id='word_1_218' title='bbox 916 2758 952 2807; x_wconf 93' lang='lat' dir='ltr'>H.</span> <span class='ocrx_word' id='word_1_219' title='bbox 1071 2769 1109 2817; x_wconf 83' lang='lat'>13.</span> <span class='ocrx_word' id='word_1_220' title='bbox 1126 2754 1180 2806; x_wconf 91' lang='lat' dir='ltr'>cui:</span> <span class='ocrx_word' id='word_1_221' title='bbox 1196 2753 1246 2804; x_wconf 66' lang='lat' dir='ltr'>cua*</span> <span class='ocrx_word' id='word_1_222' title='bbox 1258 2756 1313 2806; x_wconf 90' lang='lat' dir='ltr'>TE.</span> 
     </span>
     <span class='ocr_line' id='line_1_25' title="bbox 116 2821 887 2888; baseline 0 -16"><span class='ocrx_word' id='word_1_223' title='bbox 116 2837 154 2888; x_wconf 91' lang='lat'>19.</span> <span class='ocrx_word' id='word_1_224' title='bbox 172 2823 290 2872; x_wconf 87' lang='lat' dir='ltr'>videbant</span> <span class='ocrx_word' id='word_1_225' title='bbox 301 2822 363 2872; x_wconf 87' lang='lat' dir='ltr'>TE:</span> <span class='ocrx_word' id='word_1_226' title='bbox 381 2821 449 2871; x_wconf 83' lang='lat' dir='ltr'>enim</span> <span class='ocrx_word' id='word_1_227' title='bbox 461 2821 519 2872; x_wconf 89' lang='lat' dir='ltr'>add.</span> <span class='ocrx_word' id='word_1_228' title='bbox 531 2822 575 2872; x_wconf 78' lang='lat' dir='ltr'>Ta.</span> <span class='ocrx_word' id='word_1_229' title='bbox 680 2839 718 2873; x_wconf 68' lang='grc' dir='ltr'>πο.</span> <span class='ocrx_word' id='word_1_230' title='bbox 737 2825 779 2872; x_wconf 86' lang='lat' dir='ltr'>An</span> <span class='ocrx_word' id='word_1_231' title='bbox 790 2840 796 2872; x_wconf 82' lang='lat' dir='ltr'>r</span> <span class='ocrx_word' id='word_1_232' title='bbox 813 2830 840 2872; x_wconf 81' lang='lat' dir='ltr'>at</span> <span class='ocrx_word' id='word_1_233' title='bbox 851 2824 887 2873; x_wconf 91' lang='lat' dir='ltr'>H.</span> 
     </span>
    </p>
   </div>
   <div class='ocr_carea' id='block_1_4' title="bbox 43 2940 1348 4518">
    <p class='ocr_par' dir='ltr' id='par_1_10' title="bbox 43 2940 1348 3209">
     <span class='ocr_line' id='line_1_26' title="bbox 43 2940 1313 3011; baseline 0 -16"><span class='ocrx_word' id='word_1_234' title='bbox 43 2940 48 2951; x_wconf 72' lang='lat'><strong>⁴</strong></span> <span class='ocrx_word' id='word_1_235' title='bbox 115 2951 175 3010; x_wconf 80' lang='lat'>§53</span> <span class='ocrx_word' id='word_1_236' title='bbox 192 2945 269 2996; x_wconf 85' lang='lat' dir='ltr'>n.for</span> <span class='ocrx_word' id='word_1_237' title='bbox 285 2945 328 2995; x_wconf 84' lang='lat' dir='ltr'>the</span> <span class='ocrx_word' id='word_1_238' title='bbox 345 2944 472 3010; x_wconf 83' lang='lat' dir='ltr'>emphatic</span> <span class='ocrx_word' id='word_1_239' title='bbox 488 2947 626 3011; x_wconf 84' lang='lat' dir='ltr'>repetition.</span> <span class='ocrx_word' id='word_1_240' title='bbox 662 2947 688 2997; x_wconf 89' lang='lat' dir='ltr'>It</span> <span class='ocrx_word' id='word_1_241' title='bbox 738 2963 845 2997; x_wconf 88' lang='lat' dir='ltr'>asmore</span> <span class='ocrx_word' id='word_1_242' title='bbox 857 2963 984 3007; x_wconf 80' lang='lat' dir='ltr'>sonamus,</span> <span class='ocrx_word' id='word_1_243' title='bbox 996 2946 1017 2996; x_wconf 90' lang='lat' dir='ltr'>is</span> <span class='ocrx_word' id='word_1_244' title='bbox 1033 2945 1153 3011; x_wconf 87' lang='lat' dir='ltr'>specially</span> <span class='ocrx_word' id='word_1_245' title='bbox 1164 2945 1268 2995; x_wconf 82' lang='lat' dir='ltr'>affected</span> <span class='ocrx_word' id='word_1_246' title='bbox 1280 2946 1313 3010; x_wconf 87' lang='lat' dir='ltr'>by</span> 
     </span>
     <span class='ocr_line' id='line_1_27' title="bbox 113 3011 1311 3077; baseline 0 -17"><span class='ocrx_word' id='word_1_247' title='bbox 113 3013 134 3061; x_wconf 89' lang='lat' dir='ltr'>is</span> <span class='ocrx_word' id='word_1_248' title='bbox 156 3012 209 3061; x_wconf 87' lang='lat' dir='ltr'>laid</span> <span class='ocrx_word' id='word_1_249' title='bbox 229 3012 303 3060; x_wconf 89' lang='lat' dir='ltr'>down</span> <span class='ocrx_word' id='word_1_250' title='bbox 326 3013 351 3060; x_wconf 91' lang='lat' dir='ltr'>in</span> <span class='ocrx_word' id='word_1_251' title='bbox 374 3012 434 3074; x_wconf 89' lang='lat' dir='ltr'>Dig.</span> <span class='ocrx_word' id='word_1_252' title='bbox 455 3013 496 3075; x_wconf 77' lang='lat'>48.</span> <span class='ocrx_word' id='word_1_253' title='bbox 518 3014 555 3061; x_wconf 87' lang='lat'>18.</span> <span class='ocrx_word' id='word_1_254' title='bbox 578 3026 599 3062; x_wconf 91' lang='lat'>1.</span> <span class='ocrx_word' id='word_1_255' title='bbox 620 3027 634 3075; x_wconf 79' lang='lat'>3</span> <span class='ocrx_word' id='word_1_256' title='bbox 654 3013 687 3063; x_wconf 89' lang='lat' dir='ltr'>ad</span> <span class='ocrx_word' id='word_1_257' title='bbox 738 3011 1311 3077; x_wconf 86' lang='lat' dir='ltr'>Ciceroinhisyouthiulspeeches,occurring,</span> 
     </span>
     <span class='ocr_line' id='line_1_28' title="bbox 113 3077 1312 3143; baseline 0.002 -18"><span class='ocrx_word' id='word_1_258' title='bbox 113 3077 280 3141; x_wconf 88' lang='lat' dir='ltr'>quaestionem</span> <span class='ocrx_word' id='word_1_259' title='bbox 297 3093 347 3125; x_wconf 91' lang='lat' dir='ltr'>non</span> <span class='ocrx_word' id='word_1_260' title='bbox 363 3092 416 3127; x_wconf 91' lang='lat' dir='ltr'>esse</span> <span class='ocrx_word' id='word_1_261' title='bbox 442 3077 613 3141; x_wconf 80' lang='lat' dir='ltr'>provocandos</span> <span class='ocrx_word' id='word_1_262' title='bbox 635 3094 687 3141; x_wconf 93' lang='lat' dir='ltr'>eos,</span> <span class='ocrx_word' id='word_1_263' title='bbox 738 3093 759 3129; x_wconf 91' lang='lat' dir='ltr'>e.</span> <span class='ocrx_word' id='word_1_264' title='bbox 768 3096 794 3143; x_wconf 93' lang='lat' dir='ltr'>g.</span> <span class='ocrx_word' id='word_1_265' title='bbox 817 3091 845 3141; x_wconf 88' lang='lat'>15</span> <span class='ocrx_word' id='word_1_266' title='bbox 866 3079 940 3128; x_wconf 89' lang='lat' dir='ltr'>times</span> <span class='ocrx_word' id='word_1_267' title='bbox 958 3079 983 3127; x_wconf 93' lang='lat' dir='ltr'>in</span> <span class='ocrx_word' id='word_1_268' title='bbox 1003 3080 1044 3128; x_wconf 86' lang='lat' dir='ltr'>the</span> <span class='ocrx_word' id='word_1_269' title='bbox 1064 3078 1136 3126; x_wconf 87' lang='lat' dir='ltr'>Rosc.</span> <span class='ocrx_word' id='word_1_270' title='bbox 1156 3078 1216 3126; x_wconf 88' lang='lat' dir='ltr'>Am.</span> <span class='ocrx_word' id='word_1_271' title='bbox 1249 3077 1312 3127; x_wconf 88' lang='lat' dir='ltr'>Itis</span> 
     </span>
     <span class='ocr_line' id='line_1_29' title="bbox 113 3142 1348 3209; baseline -0.002 -17"><span class='ocrx_word' id='word_1_272' title='bbox 113 3158 176 3207; x_wconf 89' lang='lat' dir='ltr'>qnos</span> <span class='ocrx_word' id='word_1_273' title='bbox 182 3149 309 3192; x_wconf 83' lang='lat' dir='ltr'>accusator</span> <span class='ocrx_word' id='word_1_274' title='bbox 318 3142 347 3191; x_wconf 78' lang='lat' dir='ltr'>dc</span> <span class='ocrx_word' id='word_1_275' title='bbox 357 3142 426 3192; x_wconf 82' lang='lat' dir='ltr'>domo</span> <span class='ocrx_word' id='word_1_276' title='bbox 437 3158 485 3191; x_wconf 86' lang='lat' dir='ltr'>sua</span> <span class='ocrx_word' id='word_1_277' title='bbox 496 3143 621 3207; x_wconf 87' lang='lat' dir='ltr'>produxit.</span> <span class='ocrx_word' id='word_1_278' title='bbox 737 3144 875 3208; x_wconf 81' lang='lat' dir='ltr'>frequently</span> <span class='ocrx_word' id='word_1_279' title='bbox 885 3144 986 3209; x_wconf 90' lang='lat' dir='ltr'>glossed</span> <span class='ocrx_word' id='word_1_280' title='bbox 999 3145 1030 3207; x_wconf 95' lang='lat' dir='ltr'>by</span> <span class='ocrx_word' id='word_1_281' title='bbox 1041 3143 1085 3192; x_wconf 83' lang='lat' dir='ltr'>sed</span> <span class='ocrx_word' id='word_1_282' title='bbox 1097 3143 1185 3202; x_wconf 81' lang='lat' dir='ltr'>ctiam,</span> <span class='ocrx_word' id='word_1_283' title='bbox 1200 3142 1229 3191; x_wconf 84' lang='lat' dir='ltr'>cf.</span> <span class='ocrx_word' id='word_1_284' title='bbox 1245 3145 1274 3201; x_wconf 70' lang='lat'>§5</span> <span class='ocrx_word' id='word_1_285' title='bbox 1288 3155 1312 3205; x_wconf 83' lang='lat'>3,</span> <span class='ocrx_word' id='word_1_286' title='bbox 1345 3156 1348 3163; x_wconf 92' lang='lat'>·</span> 
     </span>
    </p>

    <p class='ocr_par' dir='ltr' id='par_1_11' title="bbox 145 3208 856 3273">
     <span class='ocr_line' id='line_1_30' title="bbox 145 3208 856 3273; baseline 0.004 -17"><span class='ocrx_word' id='word_1_287' title='bbox 145 3224 169 3272; x_wconf 89' lang='lat'>4.</span> <span class='ocrx_word' id='word_1_288' title='bbox 187 3212 365 3266; x_wconf 66' lang='lat' dir='ltr'>saumatis</span> <span class='ocrx_word' id='word_1_289' title='bbox 377 3213 540 3266; x_wconf 66' lang='lat' dir='ltr'>sinuque:</span> <span class='ocrx_word' id='word_1_290' title='bbox 557 3224 597 3257; x_wconf 92' lang='lat' dir='ltr'>see</span> <span class='ocrx_word' id='word_1_291' title='bbox 607 3226 630 3273; x_wconf 90' lang='lat' dir='ltr'>p.</span> <span class='ocrx_word' id='word_1_292' title='bbox 643 3208 685 3259; x_wconf 87' lang='lat' dir='ltr'>liv.</span> <span class='ocrx_word' id='word_1_293' title='bbox 738 3213 770 3262; x_wconf 90' lang='lat'>80</span> <span class='ocrx_word' id='word_1_294' title='bbox 783 3225 817 3259; x_wconf 90' lang='lat' dir='ltr'>cr.</span> <span class='ocrx_word' id='word_1_295' title='bbox 830 3226 856 3259; x_wconf 84' lang='lat' dir='ltr'>n.</span> 
     </span>
    </p>

    <p class='ocr_par' dir='ltr' id='par_1_12' title="bbox 112 3268 1340 3536">
     <span class='ocr_line' id='line_1_31' title="bbox 147 3268 1340 3338; baseline 0 -16"><span class='ocrx_word' id='word_1_296' title='bbox 147 3276 171 3324; x_wconf 95' lang='lat'>8.</span> <span class='ocrx_word' id='word_1_297' title='bbox 189 3279 306 3322; x_wconf 75' lang='lat' dir='ltr'>ardenta</span> <span class='ocrx_word' id='word_1_298' title='bbox 326 3278 421 3322; x_wconf 75' lang='lat' dir='ltr'>mia:</span> <span class='ocrx_word' id='word_1_299' title='bbox 439 3273 487 3322; x_wconf 85' lang='lat' dir='ltr'>i.e.</span> <span class='ocrx_word' id='word_1_300' title='bbox 504 3289 535 3322; x_wconf 90' lang='lat' dir='ltr'>on</span> <span class='ocrx_word' id='word_1_301' title='bbox 551 3274 593 3323; x_wconf 71' lang='lat' dir='ltr'>me</span> <span class='ocrx_word' id='word_1_302' title='bbox 615 3275 687 3338; x_wconf 83' lang='lat' dir='ltr'>night</span> <span class='ocrx_word' id='word_1_303' title='bbox 774 3289 810 3324; x_wconf 83' lang='lat'>12.</span> <span class='ocrx_word' id='word_1_304' title='bbox 827 3282 941 3334; x_wconf 77' lang='lat' dir='ltr'>pubem:</span> <span class='ocrx_word' id='word_1_305' title='bbox 964 3290 995 3324; x_wconf 88' lang='lat' dir='ltr'>an</span> <span class='ocrx_word' id='word_1_306' title='bbox 1017 3272 1147 3333; x_wconf 88' lang='lat' dir='ltr'>archaism,</span> <span class='ocrx_word' id='word_1_307' title='bbox 1173 3272 1204 3324; x_wconf 85' lang='lat' dir='ltr'>cf.</span> <span class='ocrx_word' id='word_1_308' title='bbox 1231 3268 1312 3324; x_wconf 88' lang='lat' dir='ltr'>Plaut.</span> <span class='ocrx_word' id='word_1_309' title='bbox 1337 3298 1340 3303; x_wconf 97' lang='lat'>·</span> 
     </span>
     <span class='ocr_line' id='line_1_32' title="bbox 114 3337 1313 3406; baseline -0.002 -18"><span class='ocrx_word' id='word_1_310' title='bbox 114 3340 143 3388; x_wconf 82' lang='lat' dir='ltr'>oi</span> <span class='ocrx_word' id='word_1_311' title='bbox 156 3338 198 3388; x_wconf 89' lang='lat' dir='ltr'>the</span> <span class='ocrx_word' id='word_1_312' title='bbox 217 3339 282 3402; x_wconf 73' lang='lat' dir='ltr'>roth</span> <span class='ocrx_word' id='word_1_313' title='bbox 298 3340 389 3388; x_wconf 90' lang='lat' dir='ltr'>Ascon.</span> <span class='ocrx_word' id='word_1_314' title='bbox 408 3353 454 3401; x_wconf 73' lang='lat'>34:</span> <span class='ocrx_word' id='word_1_315' title='bbox 464 3337 587 3402; x_wconf 81' lang='lat' dir='ltr'>fumante</span> <span class='ocrx_word' id='word_1_316' title='bbox 603 3339 687 3389; x_wconf 88' lang='lat' dir='ltr'>would</span> <span class='ocrx_word' id='word_1_317' title='bbox 737 3340 826 3390; x_wconf 88' lang='lat' dir='ltr'>Pseud.</span> <span class='ocrx_word' id='word_1_318' title='bbox 837 3340 882 3389; x_wconf 82' lang='lat'>126</span> <span class='ocrx_word' id='word_1_319' title='bbox 884 3341 950 3406; x_wconf 83' lang='lat' dir='ltr'>pube</span> <span class='ocrx_word' id='word_1_320' title='bbox 956 3339 1077 3405; x_wconf 86' lang='lat' dir='ltr'>praesenti</span> <span class='ocrx_word' id='word_1_321' title='bbox 1085 3339 1110 3387; x_wconf 93' lang='lat' dir='ltr'>in</span> <span class='ocrx_word' id='word_1_322' title='bbox 1117 3338 1238 3398; x_wconf 91' lang='lat' dir='ltr'>contione,</span> <span class='ocrx_word' id='word_1_323' title='bbox 1244 3337 1313 3386; x_wconf 89' lang='lat' dir='ltr'>omni</span> 
     </span>
     <span class='ocr_line' id='line_1_33' title="bbox 112 3404 1312 3471; baseline -0.001 -17"><span class='ocrx_word' id='word_1_324' title='bbox 112 3406 176 3455; x_wconf 87' lang='lat' dir='ltr'>have</span> <span class='ocrx_word' id='word_1_325' title='bbox 198 3406 258 3455; x_wconf 90' lang='lat' dir='ltr'>been</span> <span class='ocrx_word' id='word_1_326' title='bbox 286 3420 355 3454; x_wconf 92' lang='lat' dir='ltr'>more</span> <span class='ocrx_word' id='word_1_327' title='bbox 376 3414 498 3464; x_wconf 85' lang='lat' dir='ltr'>accurate,</span> <span class='ocrx_word' id='word_1_328' title='bbox 520 3404 617 3469; x_wconf 87' lang='lat' dir='ltr'>though</span> <span class='ocrx_word' id='word_1_329' title='bbox 638 3406 688 3455; x_wconf 86' lang='lat' dir='ltr'>less</span> <span class='ocrx_word' id='word_1_330' title='bbox 732 3407 812 3471; x_wconf 82' lang='lat' dir='ltr'>poplo,</span> <span class='ocrx_word' id='word_1_331' title='bbox 821 3407 870 3455; x_wconf 89' lang='lat' dir='ltr'>and</span> <span class='ocrx_word' id='word_1_332' title='bbox 877 3407 975 3466; x_wconf 89' lang='lat' dir='ltr'>Paulus,</span> <span class='ocrx_word' id='word_1_333' title='bbox 984 3421 1008 3469; x_wconf 93' lang='lat' dir='ltr'>p.</span> <span class='ocrx_word' id='word_1_334' title='bbox 1019 3419 1064 3468; x_wconf 85' lang='lat'>252</span> <span class='ocrx_word' id='word_1_335' title='bbox 1067 3404 1133 3469; x_wconf 82' lang='lat' dir='ltr'>pube</span> <span class='ocrx_word' id='word_1_336' title='bbox 1142 3413 1267 3466; x_wconf 86' lang='lat' dir='ltr'>praesente</span> <span class='ocrx_word' id='word_1_337' title='bbox 1274 3411 1312 3453; x_wconf 89' lang='lat' dir='ltr'>est</span> 
     </span>
     <span class='ocr_line' id='line_1_34' title="bbox 112 3469 1311 3536; baseline -0.002 -16"><span class='ocrx_word' id='word_1_338' title='bbox 112 3469 250 3520; x_wconf 89' lang='lat' dir='ltr'>rhetorical.</span> <span class='ocrx_word' id='word_1_339' title='bbox 732 3473 824 3536; x_wconf 78' lang='lat' dir='ltr'>populo</span> <span class='ocrx_word' id='word_1_340' title='bbox 833 3479 968 3536; x_wconf 85' lang='lat' dir='ltr'>praesente,</span> <span class='ocrx_word' id='word_1_341' title='bbox 977 3469 1158 3533; x_wconf 79' lang='grc' dir='ltr'>συνεκδοχικῶς,</span> <span class='ocrx_word' id='word_1_342' title='bbox 1170 3471 1202 3518; x_wconf 85' lang='lat' dir='ltr'>ab</span> <span class='ocrx_word' id='word_1_343' title='bbox 1210 3469 1256 3530; x_wconf 84' lang='lat' dir='ltr'>his,</span> <span class='ocrx_word' id='word_1_344' title='bbox 1270 3469 1311 3531; x_wconf 89' lang='lat' dir='ltr'>qui</span> 
     </span>
    </p>

    <p class='ocr_par' dir='ltr' id='par_1_13' title="bbox 112 3533 1312 4060">
     <span class='ocr_line' id='line_1_35' title="bbox 146 3533 1310 3603; baseline -0.002 -19"><span class='ocrx_word' id='word_1_345' title='bbox 146 3550 169 3600; x_wconf 90' lang='lat'>9.</span> <span class='ocrx_word' id='word_1_346' title='bbox 186 3550 276 3594; x_wconf 76' lang='lat' dir='ltr'>aeque</span> <span class='ocrx_word' id='word_1_347' title='bbox 382 3539 433 3585; x_wconf 71' lang='lat' dir='ltr'>aad</span> <span class='ocrx_word' id='word_1_348' title='bbox 449 3540 552 3587; x_wconf 67' lang='lat' dir='ltr'>essans:</span> <span class='ocrx_word' id='word_1_349' title='bbox 581 3536 620 3586; x_wconf 84' lang='lat' dir='ltr'>for</span> <span class='ocrx_word' id='word_1_350' title='bbox 638 3536 688 3586; x_wconf 84' lang='lat' dir='ltr'>this</span> <span class='ocrx_word' id='word_1_351' title='bbox 737 3539 843 3603; x_wconf 89' lang='lat' dir='ltr'>puberes</span> <span class='ocrx_word' id='word_1_352' title='bbox 862 3544 927 3597; x_wconf 90' lang='lat' dir='ltr'>sunt,</span> <span class='ocrx_word' id='word_1_353' title='bbox 948 3552 1048 3586; x_wconf 89' lang='lat' dir='ltr'>omnem</span> <span class='ocrx_word' id='word_1_354' title='bbox 1070 3534 1192 3599; x_wconf 89' lang='lat' dir='ltr'>populum</span> <span class='ocrx_word' id='word_1_355' title='bbox 1218 3533 1310 3599; x_wconf 87' lang='lat' dir='ltr'>signifi·</span> 
     </span>
     <span class='ocr_line' id='line_1_36' title="bbox 112 3599 1311 3666; baseline -0.001 -17"><span class='ocrx_word' id='word_1_356' title='bbox 112 3601 686 3666; x_wconf 62' lang='lat' dir='ltr'>figure,theso·ca11edrupeforgradatimf.</span> <span class='ocrx_word' id='word_1_357' title='bbox 738 3619 806 3653; x_wconf 88' lang='lat' dir='ltr'>cans.</span> <span class='ocrx_word' id='word_1_358' title='bbox 852 3602 907 3651; x_wconf 90' lang='lat' dir='ltr'>The</span> <span class='ocrx_word' id='word_1_359' title='bbox 929 3603 998 3652; x_wconf 91' lang='lat' dir='ltr'>word</span> <span class='ocrx_word' id='word_1_360' title='bbox 1021 3603 1042 3650; x_wconf 93' lang='lat' dir='ltr'>is</span> <span class='ocrx_word' id='word_1_361' title='bbox 1064 3610 1108 3650; x_wconf 91' lang='lat' dir='ltr'>not</span> <span class='ocrx_word' id='word_1_362' title='bbox 1131 3601 1191 3650; x_wconf 86' lang='lat' dir='ltr'>used</span> <span class='ocrx_word' id='word_1_363' title='bbox 1213 3601 1239 3648; x_wconf 90' lang='lat' dir='ltr'>in</span> <span class='ocrx_word' id='word_1_364' title='bbox 1261 3599 1311 3649; x_wconf 74' lang='lat' dir='ltr'>th&#39;m</span> 
     </span>
     <span class='ocr_line' id='line_1_37' title="bbox 113 3665 1312 3739; baseline -0.001 -24"><span class='ocrx_word' id='word_1_365' title='bbox 113 3667 217 3739; x_wconf 78' lang='lat' dir='ltr'>Quintil.</span> <span class='ocrx_word' id='word_1_366' title='bbox 230 3668 262 3718; x_wconf 86' lang='lat' dir='ltr'>ix.</span> <span class='ocrx_word' id='word_1_367' title='bbox 276 3681 298 3730; x_wconf 78' lang='lat'>3.</span> <span class='ocrx_word' id='word_1_368' title='bbox 312 3681 352 3730; x_wconf 81' lang='lat'>55,</span> <span class='ocrx_word' id='word_1_369' title='bbox 363 3668 421 3717; x_wconf 90' lang='lat' dir='ltr'>who</span> <span class='ocrx_word' id='word_1_370' title='bbox 436 3683 492 3730; x_wconf 86' lang='lat' dir='ltr'>says</span> <span class='ocrx_word' id='word_1_371' title='bbox 503 3668 557 3718; x_wconf 88' lang='lat' dir='ltr'>that</span> <span class='ocrx_word' id='word_1_372' title='bbox 567 3669 587 3718; x_wconf 95' lang='lat' dir='ltr'>it</span> <span class='ocrx_word' id='word_1_373' title='bbox 596 3667 687 3717; x_wconf 87' lang='lat' dir='ltr'>should</span> <span class='ocrx_word' id='word_1_374' title='bbox 736 3683 805 3717; x_wconf 90' lang='lat' dir='ltr'>sense</span> <span class='ocrx_word' id='word_1_375' title='bbox 815 3668 947 3718; x_wconf 84' lang='lat' dir='ltr'>elsewhere</span> <span class='ocrx_word' id='word_1_376' title='bbox 959 3670 983 3716; x_wconf 92' lang='lat' dir='ltr'>in</span> <span class='ocrx_word' id='word_1_377' title='bbox 995 3668 1038 3717; x_wconf 91' lang='lat' dir='ltr'>the</span> <span class='ocrx_word' id='word_1_378' title='bbox 1049 3666 1172 3731; x_wconf 91' lang='lat' dir='ltr'>speeches.</span> <span class='ocrx_word' id='word_1_379' title='bbox 1208 3665 1257 3714; x_wconf 85' lang='lat' dir='ltr'>For</span> <span class='ocrx_word' id='word_1_380' title='bbox 1268 3665 1312 3714; x_wconf 90' lang='lat' dir='ltr'>the</span> 
     </span>
     <span class='ocr_line' id='line_1_38' title="bbox 113 3733 1311 3798; baseline -0.003 -16"><span class='ocrx_word' id='word_1_381' title='bbox 113 3733 212 3782; x_wconf 88' lang='lat' dir='ltr'>beused</span> <span class='ocrx_word' id='word_1_382' title='bbox 224 3733 311 3798; x_wconf 89' lang='lat' dir='ltr'>rarely,</span> <span class='ocrx_word' id='word_1_383' title='bbox 319 3733 386 3783; x_wconf 90' lang='lat' dir='ltr'>since</span> <span class='ocrx_word' id='word_1_384' title='bbox 393 3734 426 3782; x_wconf 91' lang='lat' dir='ltr'>its</span> <span class='ocrx_word' id='word_1_385' title='bbox 434 3733 549 3782; x_wconf 85' lang='lat' dir='ltr'>artificial</span> <span class='ocrx_word' id='word_1_386' title='bbox 561 3733 686 3783; x_wconf 84' lang='lat' dir='ltr'>character</span> <span class='ocrx_word' id='word_1_387' title='bbox 736 3749 779 3783; x_wconf 89' lang='lat' dir='ltr'>use</span> <span class='ocrx_word' id='word_1_388' title='bbox 797 3733 826 3784; x_wconf 85' lang='lat' dir='ltr'>ol</span> <span class='ocrx_word' id='word_1_389' title='bbox 841 3733 940 3784; x_wconf 86' lang='lat' dir='ltr'>arehaic</span> <span class='ocrx_word' id='word_1_390' title='bbox 958 3734 1039 3782; x_wconf 90' lang='lat' dir='ltr'>words</span> <span class='ocrx_word' id='word_1_391' title='bbox 1059 3748 1086 3782; x_wconf 91' lang='lat' dir='ltr'>as</span> <span class='ocrx_word' id='word_1_392' title='bbox 1102 3750 1118 3782; x_wconf 87' lang='lat' dir='ltr'>a</span> <span class='ocrx_word' id='word_1_393' title='bbox 1134 3733 1311 3782; x_wconf 87' lang='lat' dir='ltr'>decoration-</span> 
     </span>
     <span class='ocr_line' id='line_1_39' title="bbox 112 3797 1310 3865; baseline -0.003 -17"><span class='ocrx_word' id='word_1_394' title='bbox 112 3799 133 3848; x_wconf 88' lang='lat' dir='ltr'>is</span> <span class='ocrx_word' id='word_1_395' title='bbox 154 3815 182 3849; x_wconf 87' lang='lat' dir='ltr'>so</span> <span class='ocrx_word' id='word_1_396' title='bbox 201 3805 328 3863; x_wconf 78' lang='lat' dir='ltr'>apparent</span> <span class='ocrx_word' id='word_1_397' title='bbox 363 3798 387 3848; x_wconf 90' lang='lat' dir='ltr'>It</span> <span class='ocrx_word' id='word_1_398' title='bbox 404 3799 426 3847; x_wconf 93' lang='lat' dir='ltr'>is</span> <span class='ocrx_word' id='word_1_399' title='bbox 440 3798 574 3865; x_wconf 82' lang='lat' dir='ltr'>employed</span> <span class='ocrx_word' id='word_1_400' title='bbox 588 3807 617 3848; x_wconf 92' lang='lat' dir='ltr'>to</span> <span class='ocrx_word' id='word_1_401' title='bbox 631 3815 686 3848; x_wconf 90' lang='lat' dir='ltr'>snm</span> <span class='ocrx_word' id='word_1_402' title='bbox 737 3797 1310 3864; x_wconf 86' lang='lat' dir='ltr'>‘quibus...grandioratqueantiquiororatio</span> 
     </span>
     <span class='ocr_line' id='line_1_40' title="bbox 112 3862 1309 3931; baseline -0.002 -17"><span class='ocrx_word' id='word_1_403' title='bbox 112 3881 147 3928; x_wconf 89' lang='lat' dir='ltr'>np</span> <span class='ocrx_word' id='word_1_404' title='bbox 158 3865 241 3928; x_wconf 89' lang='lat' dir='ltr'>points</span> <span class='ocrx_word' id='word_1_405' title='bbox 252 3864 352 3928; x_wconf 83' lang='lat' dir='ltr'>already</span> <span class='ocrx_word' id='word_1_406' title='bbox 363 3862 458 3915; x_wconf 81' lang='lat' dir='ltr'>arrived</span> <span class='ocrx_word' id='word_1_407' title='bbox 468 3870 495 3912; x_wconf 89' lang='lat' dir='ltr'>at</span> <span class='ocrx_word' id='word_1_408' title='bbox 513 3865 597 3914; x_wconf 79' lang='lat' dir='ltr'>before</span> <span class='ocrx_word' id='word_1_409' title='bbox 608 3865 687 3930; x_wconf 85' lang='lat' dir='ltr'>going</span> <span class='ocrx_word' id='word_1_410' title='bbox 735 3881 810 3931; x_wconf 86' lang='lat' dir='ltr'>saepe</span> <span class='ocrx_word' id='word_1_411' title='bbox 830 3865 909 3914; x_wconf 87' lang='lat' dir='ltr'>videri</span> <span class='ocrx_word' id='word_1_412' title='bbox 931 3866 994 3914; x_wconf 89' lang='lat' dir='ltr'>solet</span> <span class='ocrx_word' id='word_1_413' title='bbox 1002 3862 1071 3913; x_wconf 84' lang='lat' dir='ltr'>’—cl.</span> <span class='ocrx_word' id='word_1_414' title='bbox 1090 3864 1122 3913; x_wconf 90' lang='lat' dir='ltr'>de</span> <span class='ocrx_word' id='word_1_415' title='bbox 1139 3864 1182 3912; x_wconf 91' lang='lat' dir='ltr'>Or.</span> <span class='ocrx_word' id='word_1_416' title='bbox 1200 3864 1236 3912; x_wconf 91' lang='lat' dir='ltr'>iii.</span> <span class='ocrx_word' id='word_1_417' title='bbox 1255 3875 1309 3925; x_wconf 78' lang='lat'>153.</span> 
     </span>
     <span class='ocr_line' id='line_1_41' title="bbox 112 3929 1309 3995; baseline -0.003 -15"><span class='ocrx_word' id='word_1_418' title='bbox 112 3946 144 3980; x_wconf 92' lang='lat' dir='ltr'>on</span> <span class='ocrx_word' id='word_1_419' title='bbox 163 3939 190 3978; x_wconf 82' lang='lat' dir='ltr'>to</span> <span class='ocrx_word' id='word_1_420' title='bbox 208 3930 250 3978; x_wconf 90' lang='lat' dir='ltr'>the</span> <span class='ocrx_word' id='word_1_421' title='bbox 267 3938 324 3980; x_wconf 88' lang='lat' dir='ltr'>next</span> <span class='ocrx_word' id='word_1_422' title='bbox 341 3931 426 3994; x_wconf 88' lang='lat' dir='ltr'>topic:</span> <span class='ocrx_word' id='word_1_423' title='bbox 453 3945 493 3980; x_wconf 85' lang='lat' dir='ltr'>see</span> <span class='ocrx_word' id='word_1_424' title='bbox 510 3930 640 3995; x_wconf 81' lang='lat' dir='ltr'>Landgraf</span> <span class='ocrx_word' id='word_1_425' title='bbox 652 3945 685 3979; x_wconf 90' lang='lat' dir='ltr'>on</span> <span class='ocrx_word' id='word_1_426' title='bbox 736 3931 782 3980; x_wconf 88' lang='lat' dir='ltr'>Dr.</span> <span class='ocrx_word' id='word_1_427' title='bbox 812 3931 876 3980; x_wconf 90' lang='lat' dir='ltr'>Reid</span> <span class='ocrx_word' id='word_1_428' title='bbox 904 3931 1012 3979; x_wconf 87' lang='lat' dir='ltr'>remarks</span> <span class='ocrx_word' id='word_1_429' title='bbox 1037 3930 1090 3979; x_wconf 89' lang='lat' dir='ltr'>that</span> <span class='ocrx_word' id='word_1_430' title='bbox 1118 3929 1234 3992; x_wconf 81' lang='lat' dir='ltr'>‘phrases</span> <span class='ocrx_word' id='word_1_431' title='bbox 1257 3929 1309 3976; x_wconf 87' lang='lat' dir='ltr'>like</span> 
     </span>
     <span class='ocr_line' id='line_1_42' title="bbox 112 3994 1308 4060; baseline -0.003 -16"><span class='ocrx_word' id='word_1_432' title='bbox 112 3996 186 4044; x_wconf 88' lang='lat' dir='ltr'>Rose.</span> <span class='ocrx_word' id='word_1_433' title='bbox 199 3997 257 4044; x_wconf 71' lang='lat' dir='ltr'>Am.</span> <span class='ocrx_word' id='word_1_434' title='bbox 268 3994 309 4046; x_wconf 79' lang='lat'>6².</span> <span class='ocrx_word' id='word_1_435' title='bbox 736 3997 852 4045; x_wconf 79' lang='lat' dir='ltr'>Ronmna</span> <span class='ocrx_word' id='word_1_436' title='bbox 860 3996 938 4060; x_wconf 78' lang='lat' dir='ltr'>pubes</span> <span class='ocrx_word' id='word_1_437' title='bbox 953 4012 994 4045; x_wconf 89' lang='lat' dir='ltr'>are</span> <span class='ocrx_word' id='word_1_438' title='bbox 1006 4010 1121 4045; x_wconf 90' lang='lat' dir='ltr'>common</span> <span class='ocrx_word' id='word_1_439' title='bbox 1133 3995 1159 4043; x_wconf 92' lang='lat' dir='ltr'>in</span> <span class='ocrx_word' id='word_1_440' title='bbox 1174 3995 1216 4043; x_wconf 90' lang='lat' dir='ltr'>the</span> <span class='ocrx_word' id='word_1_441' title='bbox 1228 4003 1308 4057; x_wconf 91' lang='lat' dir='ltr'>poets,</span> 
     </span>
    </p>

    <p class='ocr_par' dir='ltr' id='par_1_14' title="bbox 109 4059 1310 4518">
     <span class='ocr_line' id='line_1_43' title="bbox 130 4059 1310 4176; baseline -0.002 -67"><span class='ocrx_word' id='word_1_442' title='bbox 130 4076 251 4176; x_wconf 52' lang='lat' dir='ltr'>sapequpt.</span> <span class='ocrx_word' id='word_1_443' title='bbox 261 4096 267 4109; x_wconf 90' lang='lat'>.</span> <span class='ocrx_word' id='word_1_444' title='bbox 277 4098 283 4112; x_wconf 99' lang='lat'>.</span> <span class='ocrx_word' id='word_1_445' title='bbox 295 4066 385 4175; x_wconf 47' lang='lat' dir='ltr'>meaa,</span> <span class='ocrx_word' id='word_1_446' title='bbox 393 4065 552 4176; x_wconf 49' lang='lat' dir='ltr'>meginungi:</span> <span class='ocrx_word' id='word_1_447' title='bbox 565 4061 615 4111; x_wconf 89' lang='lat' dir='ltr'>this</span> <span class='ocrx_word' id='word_1_448' title='bbox 622 4061 686 4110; x_wconf 84' lang='lat' dir='ltr'>ionn</span> <span class='ocrx_word' id='word_1_449' title='bbox 736 4061 807 4176; x_wconf 49' lang='lat' dir='ltr'>LZY&#39;</span> <span class='ocrx_word' id='word_1_450' title='bbox 814 4062 863 4148; x_wconf 75' lang='lat' dir='ltr'>and</span> <span class='ocrx_word' id='word_1_451' title='bbox 875 4062 944 4121; x_wconf 83' lang='lat' dir='ltr'>later,</span> <span class='ocrx_word' id='word_1_452' title='bbox 954 4063 997 4111; x_wconf 91' lang='lat' dir='ltr'>bnt</span> <span class='ocrx_word' id='word_1_453' title='bbox 1007 4061 1099 4111; x_wconf 87' lang='lat' dir='ltr'>Caesar</span> <span class='ocrx_word' id='word_1_454' title='bbox 1107 4060 1153 4108; x_wconf 86' lang='lat' dir='ltr'>has</span> <span class='ocrx_word' id='word_1_455' title='bbox 1160 4059 1219 4123; x_wconf 92' lang='lat' dir='ltr'>only</span> <span class='ocrx_word' id='word_1_456' title='bbox 1227 4073 1310 4108; x_wconf 76' lang='lat' dir='ltr'>onencs</span> 
     </span>
     <span class='ocr_line' id='line_1_44' title="bbox 111 4140 844 4184; baseline 0.001 -9"><span class='ocrx_word' id='word_1_457' title='bbox 111 4140 128 4175; x_wconf 93' lang='lat'><strong>0</strong></span> <span class='ocrx_word' id='word_1_458' title='bbox 166 4140 292 4181; x_wconf 82' lang='lat' dir='ltr'>ransrron.</span> <span class='ocrx_word' id='word_1_459' title='bbox 309 4143 340 4176; x_wconf 93' lang='lat' dir='ltr'>an</span> <span class='ocrx_word' id='word_1_460' title='bbox 374 4142 405 4175; x_wconf 80' lang='lat' dir='ltr'>ne</span> <span class='ocrx_word' id='word_1_461' title='bbox 421 4142 452 4176; x_wconf 81' lang='lat' dir='ltr'>ue</span> <span class='ocrx_word' id='word_1_462' title='bbox 478 4142 495 4175; x_wconf 85' lang='lat' dir='ltr'>a</span> <span class='ocrx_word' id='word_1_463' title='bbox 525 4142 577 4184; x_wconf 89' lang='lat' dir='ltr'>um,</span> <span class='ocrx_word' id='word_1_464' title='bbox 596 4142 686 4176; x_wconf 84' lang='lat' dir='ltr'>verum</span> <span class='ocrx_word' id='word_1_465' title='bbox 784 4142 844 4176; x_wconf 81' lang='lat' dir='ltr'>cres.</span> 
     </span>
     <span class='ocr_line' id='line_1_45' title="bbox 111 4133 1310 4256; baseline -0.003 -14"><span class='ocrx_word' id='word_1_466' title='bbox 111 4191 187 4242; x_wconf 80' lang='lat' dir='ltr'>ctiam</span> <span class='ocrx_word' id='word_1_467' title='bbox 199 4207 240 4240; x_wconf 87' lang='lat' dir='ltr'>are</span> <span class='ocrx_word' id='word_1_468' title='bbox 251 4191 311 4256; x_wconf 91' lang='lat' dir='ltr'>only</span> <span class='ocrx_word' id='word_1_469' title='bbox 319 4191 394 4241; x_wconf 81' lang='lat' dir='ltr'>found</span> <span class='ocrx_word' id='word_1_470' title='bbox 405 4143 463 4242; x_wconf 75' lang='lat' dir='ltr'>llere</span> <span class='ocrx_word' id='word_1_471' title='bbox 474 4193 499 4242; x_wconf 88' lang='lat' dir='ltr'>in</span> <span class='ocrx_word' id='word_1_472' title='bbox 510 4193 552 4242; x_wconf 71' lang='lat' dir='ltr'>me</span> <span class='ocrx_word' id='word_1_473' title='bbox 561 4193 685 4256; x_wconf 87' lang='lat' dir='ltr'>speeches.</span> <span class='ocrx_word' id='word_1_474' title='bbox 730 4133 751 4191; x_wconf 58' lang='lat' dir='ltr'><em>p</em></span> <span class='ocrx_word' id='word_1_475' title='bbox 770 4207 808 4256; x_wconf 86' lang='lat'>15.</span> <span class='ocrx_word' id='word_1_476' title='bbox 826 4205 930 4250; x_wconf 74' lang='lat' dir='ltr'>mam</span> <span class='ocrx_word' id='word_1_477' title='bbox 942 4195 1003 4241; x_wconf 73' lang='lat' dir='ltr'>via:</span> <span class='ocrx_word' id='word_1_478' title='bbox 1022 4191 1054 4242; x_wconf 84' lang='lat' dir='ltr'>cf.</span> <span class='ocrx_word' id='word_1_479' title='bbox 1065 4192 1138 4240; x_wconf 87' lang='lat' dir='ltr'>Rosc.</span> <span class='ocrx_word' id='word_1_480' title='bbox 1151 4189 1211 4239; x_wconf 90' lang='lat' dir='ltr'>Am.</span> <span class='ocrx_word' id='word_1_481' title='bbox 1222 4187 1254 4238; x_wconf 90' lang='lat'>66</span> <span class='ocrx_word' id='word_1_482' title='bbox 1271 4189 1310 4238; x_wconf 87' lang='lat' dir='ltr'>sor</span> 
     </span>
     <span class='ocr_line' id='line_1_46' title="bbox 112 4256 946 4323; baseline 0.004 -18"><span class='ocrx_word' id='word_1_483' title='bbox 112 4256 167 4306; x_wconf 86' lang='lat' dir='ltr'>The</span> <span class='ocrx_word' id='word_1_484' title='bbox 189 4256 263 4306; x_wconf 89' lang='lat' dir='ltr'>Latin</span> <span class='ocrx_word' id='word_1_485' title='bbox 286 4257 410 4322; x_wconf 89' lang='lat' dir='ltr'>language</span> <span class='ocrx_word' id='word_1_486' title='bbox 431 4273 482 4307; x_wconf 83' lang='lat' dir='ltr'>was</span> <span class='ocrx_word' id='word_1_487' title='bbox 503 4258 555 4307; x_wconf 90' lang='lat' dir='ltr'>rich</span> <span class='ocrx_word' id='word_1_488' title='bbox 579 4260 604 4306; x_wconf 93' lang='lat' dir='ltr'>in</span> <span class='ocrx_word' id='word_1_489' title='bbox 624 4257 684 4306; x_wconf 89' lang='lat' dir='ltr'>such</span> <span class='ocrx_word' id='word_1_490' title='bbox 734 4258 858 4306; x_wconf 86' lang='lat' dir='ltr'>asimilar</span> <span class='ocrx_word' id='word_1_491' title='bbox 869 4257 946 4323; x_wconf 87' lang='lat' dir='ltr'>topic.</span> 
     </span>
     <span class='ocr_line' id='line_1_47' title="bbox 112 4317 1310 4388; baseline -0.003 -17"><span class='ocrx_word' id='word_1_492' title='bbox 112 4321 204 4382; x_wconf 82' lang='lat' dir='ltr'>forms:</span> <span class='ocrx_word' id='word_1_493' title='bbox 235 4336 266 4384; x_wconf 85' lang='lat'>²4</span> <span class='ocrx_word' id='word_1_494' title='bbox 285 4322 398 4372; x_wconf 82' lang='lat' dir='ltr'>different</span> <span class='ocrx_word' id='word_1_495' title='bbox 420 4324 602 4373; x_wconf 79' lang='lat' dir='ltr'>combinatione</span> <span class='ocrx_word' id='word_1_496' title='bbox 623 4322 683 4372; x_wconf 89' lang='lat' dir='ltr'>used</span> <span class='ocrx_word' id='word_1_497' title='bbox 769 4337 807 4388; x_wconf 88' lang='lat'>19.</span> <span class='ocrx_word' id='word_1_498' title='bbox 824 4328 1100 4380; x_wconf 58' lang='lat' dir='ltr'>summarorium:</span> <span class='ocrx_word' id='word_1_499' title='bbox 1117 4325 1221 4380; x_wconf 67' lang='lat' dir='ltr'>s0512.</span> <span class='ocrx_word' id='word_1_500' title='bbox 1254 4317 1310 4368; x_wconf 87' lang='lat' dir='ltr'>The</span> 
     </span>
     <span class='ocr_line' id='line_1_48' title="bbox 111 4384 1310 4454; baseline -0.002 -18"><span class='ocrx_word' id='word_1_501' title='bbox 111 4387 144 4450; x_wconf 93' lang='lat' dir='ltr'>by</span> <span class='ocrx_word' id='word_1_502' title='bbox 165 4387 254 4438; x_wconf 88' lang='lat' dir='ltr'>Cicero</span> <span class='ocrx_word' id='word_1_503' title='bbox 276 4402 316 4437; x_wconf 89' lang='lat' dir='ltr'>are</span> <span class='ocrx_word' id='word_1_504' title='bbox 338 4387 466 4438; x_wconf 79' lang='lat' dir='ltr'>tabulated</span> <span class='ocrx_word' id='word_1_505' title='bbox 488 4389 522 4452; x_wconf 94' lang='lat' dir='ltr'>by</span> <span class='ocrx_word' id='word_1_506' title='bbox 540 4388 681 4449; x_wconf 89' lang='lat' dir='ltr'>Hellmnth,</span> <span class='ocrx_word' id='word_1_507' title='bbox 734 4395 865 4439; x_wconf 86' lang='lat' dir='ltr'>statement</span> <span class='ocrx_word' id='word_1_508' title='bbox 882 4390 903 4438; x_wconf 91' lang='lat' dir='ltr'>is</span> <span class='ocrx_word' id='word_1_509' title='bbox 918 4388 1042 4454; x_wconf 88' lang='lat' dir='ltr'>probably</span> <span class='ocrx_word' id='word_1_510' title='bbox 1059 4404 1074 4437; x_wconf 90' lang='lat' dir='ltr'>a</span> <span class='ocrx_word' id='word_1_511' title='bbox 1089 4387 1177 4452; x_wconf 89' lang='lat' dir='ltr'>highly</span> <span class='ocrx_word' id='word_1_512' title='bbox 1191 4384 1310 4436; x_wconf 90' lang='lat' dir='ltr'>coloured</span> 
     </span>
     <span class='ocr_line' id='line_1_49' title="bbox 109 4453 789 4518; baseline 0.004 -16"><span class='ocrx_word' id='word_1_513' title='bbox 109 4469 135 4518; x_wconf 95' lang='lat' dir='ltr'>p.</span> <span class='ocrx_word' id='word_1_514' title='bbox 150 4465 204 4517; x_wconf 75' lang='lat'>153,</span> <span class='ocrx_word' id='word_1_515' title='bbox 218 4454 276 4503; x_wconf 80' lang='lat' dir='ltr'>who</span> <span class='ocrx_word' id='word_1_516' title='bbox 286 4453 341 4504; x_wconf 88' lang='lat' dir='ltr'>also</span> <span class='ocrx_word' id='word_1_517' title='bbox 353 4463 422 4505; x_wconf 89' lang='lat' dir='ltr'>notes</span> <span class='ocrx_word' id='word_1_518' title='bbox 433 4454 488 4505; x_wconf 85' lang='lat' dir='ltr'>that</span> <span class='ocrx_word' id='word_1_519' title='bbox 499 4455 682 4516; x_wconf 71' lang='lat' dir='ltr'>verumetiam,</span> <span class='ocrx_word' id='word_1_520' title='bbox 733 4470 789 4506; x_wconf 91' lang='lat' dir='ltr'>one.</span> 
     </span>
    </p>
   </div>
   <div class='ocr_carea' id='block_1_5' title="bbox 0 0 1468 4928">
    <p class='ocr_par' dir='ltr' id='par_1_15' title="bbox 0 0 1468 4928">
     <span class='ocr_line' id='line_1_50' title="bbox 0 0 1468 4928; baseline 0 1"><span class='ocrx_word' id='word_1_521' title='bbox 0 0 1468 4928; x_wconf 95' lang='lat' dir='ltr'> </span> 
     </span>
    </p>
   </div>
  </div>
 </body>
</html>
