<?xml version="1.0" encoding="UTF-8"?>
<!DOCTYPE html PUBLIC "-//W3C//DTD XHTML 1.0 Transitional//EN"
    "http://www.w3.org/TR/xhtml1/DTD/xhtml1-transitional.dtd">
<html xmlns="http://www.w3.org/1999/xhtml" xml:lang="en" lang="en">
 <head>
  <title>
</title>
<meta http-equiv="Content-Type" content="text/html;charset=utf-8" />
  <meta name='ocr-system' content='tesseract 3.04.00' />
  <meta name='ocr-capabilities' content='ocr_page ocr_carea ocr_par ocr_line ocrx_word'/>
</head>
<body>
  <div class='ocr_page' id='page_1' title='image "./protanniomilone00cicgoog/protanniomilone00cicgoog_0175.png"; bbox 0 0 2926 4928; ppageno 0'>
   <div class='ocr_carea' id='block_1_1' title="bbox 181 305 902 373">
    <p class='ocr_par' dir='ltr' id='par_1_1' title="bbox 181 305 902 373">
     <span class='ocr_line' id='line_1_1' title="bbox 181 305 902 373; baseline 0 -2"><span class='ocrx_word' id='word_1_1' title='bbox 181 325 243 371; x_wconf 94' lang='lat'>100</span> <span class='ocrx_word' id='word_1_2' title='bbox 659 305 902 373; x_wconf 84' lang='lat' dir='ltr'><em>ASCONIUS</em></span> 
     </span>
    </p>
   </div>
   <div class='ocr_carea' id='block_1_2' title="bbox 129 482 1424 3369">
    <p class='ocr_par' dir='ltr' id='par_1_2' title="bbox 172 482 1422 2230">
     <span class='ocr_line' id='line_1_2' title="bbox 178 482 1380 568; baseline 0 -19"><span class='ocrx_word' id='word_1_3' title='bbox 178 485 275 565; x_wconf 86' lang='lat' dir='ltr'>dixit,</span> <span class='ocrx_word' id='word_1_4' title='bbox 287 487 376 568; x_wconf 91' lang='lat' dir='ltr'>quod</span> <span class='ocrx_word' id='word_1_5' title='bbox 394 482 477 550; x_wconf 92' lang='lat' dir='ltr'>Milo</span> <span class='ocrx_word' id='word_1_6' title='bbox 492 505 527 549; x_wconf 91' lang='lat' dir='ltr'>se</span> <span class='ocrx_word' id='word_1_7' title='bbox 543 483 734 561; x_wconf 90' lang='lat' dir='ltr'>defenderit,</span> <span class='ocrx_word' id='word_1_8' title='bbox 747 483 902 549; x_wconf 87' lang='lat' dir='ltr'>Clodium</span> <span class='ocrx_word' id='word_1_9' title='bbox 914 485 1070 550; x_wconf 89' lang='lat' dir='ltr'>Aricinos</span> <span class='ocrx_word' id='word_1_10' title='bbox 1086 484 1281 552; x_wconf 86' lang='lat' dir='ltr'>decuriones</span> <span class='ocrx_word' id='word_1_11' title='bbox 1296 485 1380 550; x_wconf 90' lang='lat' dir='ltr'>allo-</span> 
     </span>
     <span class='ocr_line' id='line_1_3' title="bbox 177 588 1379 672; baseline 0.001 -21"><span class='ocrx_word' id='word_1_12' title='bbox 177 591 299 672; x_wconf 91' lang='lat' dir='ltr'>quendi</span> <span class='ocrx_word' id='word_1_13' title='bbox 314 589 421 672; x_wconf 85' lang='lat' dir='ltr'>gratia</span> <span class='ocrx_word' id='word_1_14' title='bbox 435 588 553 667; x_wconf 90' lang='lat' dir='ltr'>abisse,</span> <span class='ocrx_word' id='word_1_15' title='bbox 565 589 748 670; x_wconf 89' lang='lat' dir='ltr'>profectum</span> <span class='ocrx_word' id='word_1_16' title='bbox 765 608 841 652; x_wconf 91' lang='lat' dir='ltr'>cum</span> <span class='ocrx_word' id='word_1_17' title='bbox 857 610 919 652; x_wconf 88' lang='lat' dir='ltr'>sex</span> <span class='ocrx_word' id='word_1_18' title='bbox 936 611 974 654; x_wconf 90' lang='lat' dir='ltr'>ac</span> <span class='ocrx_word' id='word_1_19' title='bbox 988 591 1056 653; x_wconf 94' lang='lat' dir='ltr'>XX</span> <span class='ocrx_word' id='word_1_20' title='bbox 1070 591 1190 665; x_wconf 84' lang='lat' dir='ltr'>servis3</span> <span class='ocrx_word' id='word_1_21' title='bbox 1215 591 1379 654; x_wconf 89' lang='lat' dir='ltr'>Milonem</span> 
     </span>
     <span class='ocr_line' id='line_1_4' title="bbox 177 691 1380 778; baseline 0.002 -24"><span class='ocrx_word' id='word_1_22' title='bbox 177 693 288 758; x_wconf 91' lang='lat' dir='ltr'>subito</span> <span class='ocrx_word' id='word_1_23' title='bbox 311 703 387 775; x_wconf 91' lang='lat' dir='ltr'>post</span> <span class='ocrx_word' id='word_1_24' title='bbox 413 691 531 758; x_wconf 91' lang='lat' dir='ltr'>horam</span> <span class='ocrx_word' id='word_1_25' title='bbox 554 702 716 774; x_wconf 87' lang='lat' dir='ltr'>quartam,</span> <span class='ocrx_word' id='word_1_26' title='bbox 739 702 855 757; x_wconf 84' lang='lat' dir='ltr'>senatu</span> <span class='ocrx_word' id='word_1_27' title='bbox 881 693 990 771; x_wconf 86' lang='lat' dir='ltr'>misso,</span> <span class='ocrx_word' id='word_1_28' title='bbox 1011 715 1086 758; x_wconf 91' lang='lat' dir='ltr'>cum</span> <span class='ocrx_word' id='word_1_29' title='bbox 1110 695 1212 759; x_wconf 90' lang='lat' dir='ltr'>servis</span> <span class='ocrx_word' id='word_1_30' title='bbox 1234 693 1380 778; x_wconf 86' lang='lat' dir='ltr'>amplius</span> 
     </span>
     <span class='ocr_line' id='line_1_5' title="bbox 172 774 1379 881; baseline 0.001 -22"><span class='ocrx_word' id='word_1_31' title='bbox 172 794 266 862; x_wconf 48' lang='lat' dir='ltr'>&gt;CCC</span> <span class='ocrx_word' id='word_1_32' title='bbox 277 774 555 860; x_wconf 64' lang='lat' dir='ltr'>armatis‘obviam</span> <span class='ocrx_word' id='word_1_33' title='bbox 569 797 598 861; x_wconf 92' lang='lat' dir='ltr'>ei</span> <span class='ocrx_word' id='word_1_34' title='bbox 615 796 824 861; x_wconf 88' lang='lat' dir='ltr'>contendisse</span> <span class='ocrx_word' id='word_1_35' title='bbox 836 805 869 860; x_wconf 92' lang='lat' dir='ltr'>et</span> <span class='ocrx_word' id='word_1_36' title='bbox 881 817 980 879; x_wconf 90' lang='lat' dir='ltr'>supra</span> <span class='ocrx_word' id='word_1_37' title='bbox 993 798 1138 862; x_wconf 89' lang='lat' dir='ltr'>Bovillas</span> <span class='ocrx_word' id='word_1_38' title='bbox 1151 798 1379 881; x_wconf 87' lang='lat' dir='ltr'>inopinantem</span> 
     </span>
     <span class='ocr_line' id='line_1_6' title="bbox 180 899 1406 983; baseline 0.002 -18"><span class='ocrx_word' id='word_1_39' title='bbox 180 899 258 983; x_wconf 82' lang='lat' dir='ltr'>(in)</span> <span class='ocrx_word' id='word_1_40' title='bbox 272 901 388 965; x_wconf 90' lang='lat' dir='ltr'>itinere</span> <span class='ocrx_word' id='word_1_41' title='bbox 399 921 611 983; x_wconf 83' lang='lat' dir='ltr'>aggressum3</span> <span class='ocrx_word' id='word_1_42' title='bbox 636 900 681 963; x_wconf 94' lang='lat' dir='ltr'>ibi</span> <span class='ocrx_word' id='word_1_43' title='bbox 695 901 729 963; x_wconf 88' lang='lat' dir='ltr'>P.</span> <span class='ocrx_word' id='word_1_44' title='bbox 741 900 896 964; x_wconf 91' lang='lat' dir='ltr'>Clodium</span> <span class='ocrx_word' id='word_1_45' title='bbox 908 901 1013 967; x_wconf 87' lang='lat' dir='ltr'>tribus</span> <span class='ocrx_word' id='word_1_46' title='bbox 1027 902 1217 967; x_wconf 91' lang='lat' dir='ltr'>vulneribus</span> <span class='ocrx_word' id='word_1_47' title='bbox 1233 902 1379 983; x_wconf 86' lang='lat' dir='ltr'>acceptis</span> <span class='ocrx_word' id='word_1_48' title='bbox 1392 917 1406 967; x_wconf 84' lang='lat'>5</span> 
     </span>
     <span class='ocr_line' id='line_1_7' title="bbox 179 1001 1379 1090; baseline 0 -22"><span class='ocrx_word' id='word_1_49' title='bbox 179 1003 324 1069; x_wconf 92' lang='lat' dir='ltr'>Bovillas</span> <span class='ocrx_word' id='word_1_50' title='bbox 339 1004 503 1088; x_wconf 87' lang='lat' dir='ltr'>perlatum</span> <span class='ocrx_word' id='word_1_51' title='bbox 518 1027 526 1084; x_wconf 89' lang='lat'>;</span> <span class='ocrx_word' id='word_1_52' title='bbox 548 1004 723 1068; x_wconf 83' lang='lat' dir='ltr'>tabernam</span> <span class='ocrx_word' id='word_1_53' title='bbox 739 1004 772 1066; x_wconf 93' lang='lat' dir='ltr'>in</span> <span class='ocrx_word' id='word_1_54' title='bbox 790 1001 890 1086; x_wconf 88' lang='lat' dir='ltr'>quam</span> <span class='ocrx_word' id='word_1_55' title='bbox 907 1005 1097 1090; x_wconf 88' lang='lat' dir='ltr'>perfugerat</span> <span class='ocrx_word' id='word_1_56' title='bbox 1113 1015 1342 1090; x_wconf 86' lang='lat' dir='ltr'>expugnatam</span> <span class='ocrx_word' id='word_1_57' title='bbox 1359 1025 1379 1068; x_wconf 89' lang='lat' dir='ltr'>a</span> 
     </span>
     <span class='ocr_line' id='line_1_8' title="bbox 178 1107 1379 1194; baseline 0.002 -23"><span class='ocrx_word' id='word_1_58' title='bbox 178 1109 305 1173; x_wconf 92' lang='lat' dir='ltr'>Milone</span> <span class='ocrx_word' id='word_1_59' title='bbox 319 1131 326 1187; x_wconf 90' lang='grc'>;</span> <span class='ocrx_word' id='word_1_60' title='bbox 349 1108 576 1173; x_wconf 89' lang='lat' dir='ltr'>semianimem</span> <span class='ocrx_word' id='word_1_61' title='bbox 595 1107 751 1172; x_wconf 89' lang='lat' dir='ltr'>Clodium</span> <span class='ocrx_word' id='word_1_62' title='bbox 767 1118 956 1173; x_wconf 88' lang='lat' dir='ltr'>extractum</span> <span class='ocrx_word' id='word_1_63' title='bbox 974 1155 1123 1174; x_wconf 89' lang='grc'><strong>........</strong></span> <span class='ocrx_word' id='word_1_64' title='bbox 1139 1111 1172 1172; x_wconf 91' lang='lat' dir='ltr'>in</span> <span class='ocrx_word' id='word_1_65' title='bbox 1192 1110 1247 1172; x_wconf 90' lang='lat' dir='ltr'>via</span> <span class='ocrx_word' id='word_1_66' title='bbox 1263 1109 1379 1194; x_wconf 88' lang='lat' dir='ltr'>Appia</span> 
     </span>
     <span class='ocr_line' id='line_1_9' title="bbox 177 1211 1379 1294; baseline 0.002 -20"><span class='ocrx_word' id='word_1_67' title='bbox 177 1213 323 1276; x_wconf 90' lang='lat' dir='ltr'>occisum</span> <span class='ocrx_word' id='word_1_68' title='bbox 350 1232 422 1278; x_wconf 92' lang='lat' dir='ltr'>esse</span> <span class='ocrx_word' id='word_1_69' title='bbox 452 1211 655 1294; x_wconf 91' lang='lat' dir='ltr'>anulumque</span> <span class='ocrx_word' id='word_1_70' title='bbox 679 1212 750 1276; x_wconf 92' lang='lat' dir='ltr'>eius</span> <span class='ocrx_word' id='word_1_71' title='bbox 777 1212 807 1276; x_wconf 92' lang='lat' dir='ltr'>ei</span> <span class='ocrx_word' id='word_1_72' title='bbox 835 1213 989 1276; x_wconf 89' lang='lat' dir='ltr'>morienti</span> <span class='ocrx_word' id='word_1_73' title='bbox 1015 1223 1225 1291; x_wconf 88' lang='lat' dir='ltr'>extractum;</span> <span class='ocrx_word' id='word_1_74' title='bbox 1256 1213 1379 1276; x_wconf 93' lang='lat' dir='ltr'>deinde</span> 
     </span>
     <span class='ocr_line' id='line_1_10' title="bbox 178 1305 1379 1398; baseline 0.002 -20"><span class='ocrx_word' id='word_1_75' title='bbox 178 1315 351 1394; x_wconf 91' lang='lat' dir='ltr'>Milonem,</span> <span class='ocrx_word' id='word_1_76' title='bbox 367 1336 443 1380; x_wconf 91' lang='lat' dir='ltr'>cum</span> <span class='ocrx_word' id='word_1_77' title='bbox 466 1317 563 1380; x_wconf 86' lang='lat' dir='ltr'>sciret</span> <span class='ocrx_word' id='word_1_78' title='bbox 586 1316 619 1378; x_wconf 93' lang='lat' dir='ltr'>in</span> <span class='ocrx_word' id='word_1_79' title='bbox 639 1305 777 1384; x_wconf 83' lang='lat' dir='ltr'>Albano</span> <span class='ocrx_word' id='word_1_80' title='bbox 794 1314 972 1398; x_wconf 75' lang='lat' dir='ltr'>&#39;parvolum</span> <span class='ocrx_word' id='word_1_81' title='bbox 996 1315 1099 1380; x_wconf 90' lang='lat' dir='ltr'>filium</span> <span class='ocrx_word' id='word_1_82' title='bbox 1123 1316 1232 1393; x_wconf 88' lang='lat' dir='ltr'>Clodi,</span> <span class='ocrx_word' id='word_1_83' title='bbox 1248 1317 1379 1381; x_wconf 90' lang='lat' dir='ltr'>venisse</span> 
     </span>
     <span class='ocr_line' id='line_1_11' title="bbox 177 1419 1422 1502; baseline -0.004 -19"><span class='ocrx_word' id='word_1_84' title='bbox 177 1421 220 1483; x_wconf 93' lang='lat' dir='ltr'>ad</span> <span class='ocrx_word' id='word_1_85' title='bbox 236 1420 357 1499; x_wconf 91' lang='lat' dir='ltr'>villam,</span> <span class='ocrx_word' id='word_1_86' title='bbox 373 1429 498 1483; x_wconf 92' lang='lat' dir='ltr'>etcum</span> <span class='ocrx_word' id='word_1_87' title='bbox 522 1440 604 1502; x_wconf 89' lang='lat' dir='ltr'>puer</span> <span class='ocrx_word' id='word_1_88' title='bbox 626 1430 703 1484; x_wconf 92' lang='lat' dir='ltr'>ante</span> <span class='ocrx_word' id='word_1_89' title='bbox 722 1419 911 1485; x_wconf 89' lang='lat' dir='ltr'>subtractus</span> <span class='ocrx_word' id='word_1_90' title='bbox 935 1429 1030 1499; x_wconf 89' lang='lat' dir='ltr'>esset,</span> <span class='ocrx_word' id='word_1_91' title='bbox 1046 1442 1090 1484; x_wconf 87' lang='lat' dir='ltr'>ex</span> <span class='ocrx_word' id='word_1_92' title='bbox 1108 1440 1203 1484; x_wconf 88' lang='lat' dir='ltr'>servo</span> <span class='ocrx_word' id='word_1_93' title='bbox 1221 1420 1380 1485; x_wconf 91' lang='lat' dir='ltr'>Halicore</span> <span class='ocrx_word' id='word_1_94' title='bbox 1394 1445 1422 1479; x_wconf 92' lang='lat'>10</span> 
     </span>
     <span class='ocr_line' id='line_1_12' title="bbox 177 1523 1378 1607; baseline 0.003 -22"><span class='ocrx_word' id='word_1_95' title='bbox 177 1524 405 1607; x_wconf 88' lang='lat' dir='ltr'>quaestionem</span> <span class='ocrx_word' id='word_1_96' title='bbox 416 1524 463 1587; x_wconf 93' lang='lat' dir='ltr'>ita</span> <span class='ocrx_word' id='word_1_97' title='bbox 471 1523 634 1601; x_wconf 90' lang='lat' dir='ltr'>habuisse,</span> <span class='ocrx_word' id='word_1_98' title='bbox 645 1533 682 1588; x_wconf 92' lang='lat' dir='ltr'>ut</span> <span class='ocrx_word' id='word_1_99' title='bbox 692 1543 767 1587; x_wconf 92' lang='lat' dir='ltr'>eum</span> <span class='ocrx_word' id='word_1_100' title='bbox 777 1523 1220 1602; x_wconf 89' lang='lat' dir='ltr'>articulatimconsecarent;</span> <span class='ocrx_word' id='word_1_101' title='bbox 1243 1524 1378 1589; x_wconf 89' lang='lat' dir='ltr'>vilicum</span> 
     </span>
     <span class='ocr_line' id='line_1_13' title="bbox 177 1627 1378 1712; baseline 0.001 -22"><span class='ocrx_word' id='word_1_102' title='bbox 177 1637 211 1690; x_wconf 89' lang='lat' dir='ltr'>et</span> <span class='ocrx_word' id='word_1_103' title='bbox 226 1628 309 1691; x_wconf 93' lang='lat' dir='ltr'>duos</span> <span class='ocrx_word' id='word_1_104' title='bbox 325 1636 495 1709; x_wconf 90' lang='lat' dir='ltr'>praeterea</span> <span class='ocrx_word' id='word_1_105' title='bbox 510 1647 622 1690; x_wconf 90' lang='lat' dir='ltr'>servos</span> <span class='ocrx_word' id='word_1_106' title='bbox 637 1628 823 1711; x_wconf 84' lang='lat' dir='ltr'>iugulasse3</span> <span class='ocrx_word' id='word_1_107' title='bbox 847 1649 890 1690; x_wconf 87' lang='lat' dir='ltr'>ex</span> <span class='ocrx_word' id='word_1_108' title='bbox 903 1628 1005 1692; x_wconf 88' lang='lat' dir='ltr'>servis</span> <span class='ocrx_word' id='word_1_109' title='bbox 1017 1627 1114 1692; x_wconf 91' lang='lat' dir='ltr'>Clodi</span> <span class='ocrx_word' id='word_1_110' title='bbox 1130 1628 1187 1712; x_wconf 92' lang='lat' dir='ltr'>qui</span> <span class='ocrx_word' id='word_1_111' title='bbox 1204 1628 1378 1692; x_wconf 92' lang='lat' dir='ltr'>dominum</span> 
     </span>
     <span class='ocr_line' id='line_1_14' title="bbox 177 1730 1378 1808; baseline 0.001 -13"><span class='ocrx_word' id='word_1_112' title='bbox 177 1730 389 1797; x_wconf 86' lang='lat' dir='ltr'>defenderant</span> <span class='ocrx_word' id='word_1_113' title='bbox 410 1731 562 1795; x_wconf 91' lang='lat' dir='ltr'>undecim</span> <span class='ocrx_word' id='word_1_114' title='bbox 585 1752 656 1795; x_wconf 89' lang='lat' dir='ltr'>esse</span> <span class='ocrx_word' id='word_1_115' title='bbox 677 1730 876 1808; x_wconf 89' lang='lat' dir='ltr'>interfectos,</span> <span class='ocrx_word' id='word_1_116' title='bbox 893 1732 1023 1795; x_wconf 89' lang='lat' dir='ltr'>Milonis</span> <span class='ocrx_word' id='word_1_117' title='bbox 1040 1731 1124 1796; x_wconf 94' lang='lat' dir='ltr'>duos</span> <span class='ocrx_word' id='word_1_118' title='bbox 1143 1731 1231 1796; x_wconf 94' lang='lat' dir='ltr'>solos</span> <span class='ocrx_word' id='word_1_119' title='bbox 1247 1734 1378 1796; x_wconf 92' lang='lat' dir='ltr'>saucios</span> 
     </span>
     <span class='ocr_line' id='line_1_15' title="bbox 176 1835 1378 1918; baseline -0.001 -19"><span class='ocrx_word' id='word_1_120' title='bbox 176 1836 280 1900; x_wconf 89' lang='lat' dir='ltr'>factos</span> <span class='ocrx_word' id='word_1_121' title='bbox 310 1856 401 1900; x_wconf 90' lang='lat' dir='ltr'>esse:</span> <span class='ocrx_word' id='word_1_122' title='bbox 432 1835 476 1898; x_wconf 94' lang='lat' dir='ltr'>ob</span> <span class='ocrx_word' id='word_1_123' title='bbox 507 1855 594 1918; x_wconf 91' lang='lat' dir='ltr'>quae</span> <span class='ocrx_word' id='word_1_124' title='bbox 622 1835 782 1898; x_wconf 90' lang='lat' dir='ltr'>Milonem</span> <span class='ocrx_word' id='word_1_125' title='bbox 815 1846 949 1917; x_wconf 90' lang='lat' dir='ltr'>postero</span> <span class='ocrx_word' id='word_1_126' title='bbox 983 1835 1038 1901; x_wconf 89' lang='lat' dir='ltr'>die</span> <span class='ocrx_word' id='word_1_127' title='bbox 1068 1835 1139 1898; x_wconf 95' lang='lat' dir='ltr'>Xll</span> <span class='ocrx_word' id='word_1_128' title='bbox 1172 1856 1293 1910; x_wconf 89' lang='lat' dir='ltr'>servos,</span> <span class='ocrx_word' id='word_1_129' title='bbox 1320 1838 1378 1918; x_wconf 93' lang='lat' dir='ltr'>qui</span> 
     </span>
     <span class='ocr_line' id='line_1_16' title="bbox 178 1938 1422 2022; baseline -0.002 -21"><span class='ocrx_word' id='word_1_130' title='bbox 178 1940 324 2003; x_wconf 87' lang='lat' dir='ltr'>maxime</span> <span class='ocrx_word' id='word_1_131' title='bbox 348 1959 482 2020; x_wconf 87' lang='lat' dir='ltr'>operam</span> <span class='ocrx_word' id='word_1_132' title='bbox 508 1948 695 2015; x_wconf 90' lang='lat' dir='ltr'>navassent,</span> <span class='ocrx_word' id='word_1_133' title='bbox 721 1959 820 2001; x_wconf 89' lang='lat' dir='ltr'>manu</span> <span class='ocrx_word' id='word_1_134' title='bbox 848 1939 976 2002; x_wconf 92' lang='lat' dir='ltr'>misisse</span> <span class='ocrx_word' id='word_1_135' title='bbox 1006 1938 1198 2022; x_wconf 91' lang='lat' dir='ltr'>populoque</span> <span class='ocrx_word' id='word_1_136' title='bbox 1224 1939 1377 2004; x_wconf 90' lang='lat' dir='ltr'>tributim</span> <span class='ocrx_word' id='word_1_137' title='bbox 1393 1963 1422 2013; x_wconf 90' lang='lat'>15</span> 
     </span>
     <span class='ocr_line' id='line_1_17' title="bbox 176 2042 1378 2126; baseline 0 -19"><span class='ocrx_word' id='word_1_138' title='bbox 176 2043 306 2126; x_wconf 89' lang='lat' dir='ltr'>singula</span> <span class='ocrx_word' id='word_1_139' title='bbox 322 2043 412 2106; x_wconf 91' lang='lat' dir='ltr'>milia</span> <span class='ocrx_word' id='word_1_140' title='bbox 428 2043 511 2105; x_wconf 90' lang='lat' dir='ltr'>aeris</span> <span class='ocrx_word' id='word_1_141' title='bbox 527 2043 570 2106; x_wconf 92' lang='lat' dir='ltr'>ad</span> <span class='ocrx_word' id='word_1_142' title='bbox 586 2042 811 2107; x_wconf 90' lang='lat' dir='ltr'>defendendos</span> <span class='ocrx_word' id='word_1_143' title='bbox 832 2043 874 2106; x_wconf 92' lang='lat' dir='ltr'>de</span> <span class='ocrx_word' id='word_1_144' title='bbox 894 2065 929 2108; x_wconf 95' lang='lat' dir='ltr'>se</span> <span class='ocrx_word' id='word_1_145' title='bbox 946 2064 1091 2107; x_wconf 90' lang='lat' dir='ltr'>rumores</span> <span class='ocrx_word' id='word_1_146' title='bbox 1107 2043 1244 2107; x_wconf 91' lang='lat' dir='ltr'>dedisse.</span> <span class='ocrx_word' id='word_1_147' title='bbox 1292 2044 1378 2108; x_wconf 93' lang='lat' dir='ltr'>Milo</span> 
     </span>
     <span class='ocr_line' id='line_1_18' title="bbox 178 2129 1377 2230; baseline 0.001 -20"><span class='ocrx_word' id='word_1_148' title='bbox 178 2147 305 2211; x_wconf 91' lang='lat' dir='ltr'>misisse</span> <span class='ocrx_word' id='word_1_149' title='bbox 320 2146 363 2211; x_wconf 93' lang='lat' dir='ltr'>ad</span> <span class='ocrx_word' id='word_1_150' title='bbox 380 2146 441 2211; x_wconf 88' lang='lat' dir='ltr'>Cn.</span> <span class='ocrx_word' id='word_1_151' title='bbox 459 2146 655 2230; x_wconf 88' lang='lat' dir='ltr'>Pompeium</span> <span class='ocrx_word' id='word_1_152' title='bbox 672 2145 851 2225; x_wconf 88' lang='lat' dir='ltr'>dicebatur,</span> <span class='ocrx_word' id='word_1_153' title='bbox 867 2147 929 2228; x_wconf 50' lang='lat' dir='ltr'>qui¹</span> <span class='ocrx_word' id='word_1_154' title='bbox 939 2129 1104 2230; x_wconf 48' lang='lat' dir='ltr'>&#39;Hypsaeo</span> <span class='ocrx_word' id='word_1_155' title='bbox 1119 2167 1250 2210; x_wconf 85' lang='lat' dir='ltr'>summe</span> <span class='ocrx_word' id='word_1_156' title='bbox 1264 2148 1377 2211; x_wconf 90' lang='lat' dir='ltr'>stude-</span> 
     </span>
    </p>

    <p class='ocr_par' dir='ltr' id='par_1_3' title="bbox 129 2232 1424 2939">
     <span class='ocr_line' id='line_1_19' title="bbox 129 2242 1380 2335; baseline 0.001 -20"><span class='ocrx_word' id='word_1_157' title='bbox 129 2269 164 2319; x_wconf 77' lang='lat' dir='ltr'>at</span> <span class='ocrx_word' id='word_1_158' title='bbox 178 2253 245 2325; x_wconf 88' lang='lat' dir='ltr'>bat,</span> <span class='ocrx_word' id='word_1_159' title='bbox 258 2251 346 2333; x_wconf 92' lang='lat' dir='ltr'>quod</span> <span class='ocrx_word' id='word_1_160' title='bbox 364 2250 470 2315; x_wconf 89' lang='lat' dir='ltr'>fuerat</span> <span class='ocrx_word' id='word_1_161' title='bbox 485 2251 553 2314; x_wconf 92' lang='lat' dir='ltr'>eius</span> <span class='ocrx_word' id='word_1_162' title='bbox 569 2260 733 2333; x_wconf 88' lang='lat' dir='ltr'>quaestor,</span> <span class='ocrx_word' id='word_1_163' title='bbox 746 2242 930 2335; x_wconf 79' lang='lat' dir='ltr'>desistere]</span> <span class='ocrx_word' id='word_1_164' title='bbox 949 2271 984 2314; x_wconf 93' lang='lat' dir='ltr'>se</span> <span class='ocrx_word' id='word_1_165' title='bbox 1000 2251 1160 2335; x_wconf 90' lang='lat' dir='ltr'>petitione</span> <span class='ocrx_word' id='word_1_166' title='bbox 1176 2250 1380 2330; x_wconf 90' lang='lat' dir='ltr'>consulatus,</span> 
     </span>
     <span class='ocr_line' id='line_1_20' title="bbox 178 2355 1377 2438; baseline 0.001 -20"><span class='ocrx_word' id='word_1_167' title='bbox 178 2356 205 2419; x_wconf 93' lang='lat' dir='ltr'>si</span> <span class='ocrx_word' id='word_1_168' title='bbox 219 2355 266 2420; x_wconf 90' lang='lat' dir='ltr'>ita</span> <span class='ocrx_word' id='word_1_169' title='bbox 278 2356 308 2418; x_wconf 92' lang='lat' dir='ltr'>ei</span> <span class='ocrx_word' id='word_1_170' title='bbox 319 2355 486 2418; x_wconf 87' lang='lat' dir='ltr'>videretur</span> <span class='ocrx_word' id='word_1_171' title='bbox 499 2376 506 2433; x_wconf 95' lang='lat'>;</span> <span class='ocrx_word' id='word_1_172' title='bbox 530 2355 708 2436; x_wconf 89' lang='lat' dir='ltr'>Pompeius</span> <span class='ocrx_word' id='word_1_173' title='bbox 721 2355 929 2437; x_wconf 90' lang='lat' dir='ltr'>respondisse</span> <span class='ocrx_word' id='word_1_174' title='bbox 940 2355 1062 2417; x_wconf 89' lang='lat' dir='ltr'>nemini</span> <span class='ocrx_word' id='word_1_175' title='bbox 1073 2377 1109 2419; x_wconf 90' lang='lat' dir='ltr'>se</span> <span class='ocrx_word' id='word_1_176' title='bbox 1121 2375 1227 2438; x_wconf 92' lang='lat' dir='ltr'>neque</span> <span class='ocrx_word' id='word_1_177' title='bbox 1239 2357 1377 2438; x_wconf 89' lang='lat' dir='ltr'>petendi</span> 
     </span>
     <span class='ocr_line' id='line_1_21' title="bbox 176 2459 1424 2543; baseline 0 -20"><span class='ocrx_word' id='word_1_178' title='bbox 176 2480 282 2542; x_wconf 92' lang='lat' dir='ltr'>neque</span> <span class='ocrx_word' id='word_1_179' title='bbox 298 2459 478 2523; x_wconf 90' lang='lat' dir='ltr'>desistendi</span> <span class='ocrx_word' id='word_1_180' title='bbox 493 2468 661 2522; x_wconf 88' lang='lat' dir='ltr'>auctorem</span> <span class='ocrx_word' id='word_1_181' title='bbox 678 2479 757 2533; x_wconf 87' lang='lat' dir='ltr'>esse,</span> <span class='ocrx_word' id='word_1_182' title='bbox 768 2478 874 2539; x_wconf 90' lang='lat' dir='ltr'>neque</span> <span class='ocrx_word' id='word_1_183' title='bbox 890 2459 1004 2543; x_wconf 90' lang='lat' dir='ltr'>populi</span> <span class='ocrx_word' id='word_1_184' title='bbox 1016 2459 1162 2522; x_wconf 89' lang='lat' dir='ltr'>Romani</span> <span class='ocrx_word' id='word_1_185' title='bbox 1174 2468 1376 2543; x_wconf 86' lang='lat' dir='ltr'>potestatem</span> <span class='ocrx_word' id='word_1_186' title='bbox 1394 2481 1424 2515; x_wconf 85' lang='lat'>20</span> 
     </span>
     <span class='ocr_line' id='line_1_22' title="bbox 176 2544 1377 2645; baseline 0 -19"><span class='ocrx_word' id='word_1_187' title='bbox 176 2575 234 2628; x_wconf 87' lang='lat' dir='ltr'>aut</span> <span class='ocrx_word' id='word_1_188' title='bbox 264 2544 400 2628; x_wconf 90' lang='lat' dir='ltr'>consilio</span> <span class='ocrx_word' id='word_1_189' title='bbox 431 2573 489 2626; x_wconf 90' lang='lat' dir='ltr'>aut</span> <span class='ocrx_word' id='word_1_190' title='bbox 519 2563 682 2626; x_wconf 90' lang='lat' dir='ltr'>sententia</span> <span class='ocrx_word' id='word_1_191' title='bbox 711 2560 1002 2645; x_wconf 89' lang='lat' dir='ltr'>interpellaturum.</span> <span class='ocrx_word' id='word_1_192' title='bbox 1049 2562 1180 2626; x_wconf 89' lang='lat' dir='ltr'>Deinde</span> <span class='ocrx_word' id='word_1_193' title='bbox 1211 2562 1308 2645; x_wconf 79' lang='lat' dir='ltr'>(per)</span> <span class='ocrx_word' id='word_1_194' title='bbox 1340 2563 1377 2628; x_wconf 91' lang='lat' dir='ltr'>C.</span> 
     </span>
     <span class='ocr_line' id='line_1_23' title="bbox 177 2663 1378 2751; baseline 0.002 -21"><span class='ocrx_word' id='word_1_195' title='bbox 177 2667 352 2744; x_wconf 88' lang='lat' dir='ltr'>Lucilium,</span> <span class='ocrx_word' id='word_1_196' title='bbox 369 2667 427 2748; x_wconf 93' lang='lat' dir='ltr'>qui</span> <span class='ocrx_word' id='word_1_197' title='bbox 450 2677 588 2751; x_wconf 90' lang='lat' dir='ltr'>propter</span> <span class='ocrx_word' id='word_1_198' title='bbox 611 2666 658 2728; x_wconf 90' lang='lat' dir='ltr'>M.</span> <span class='ocrx_word' id='word_1_199' title='bbox 684 2663 851 2730; x_wconf 89' lang='lat' dir='ltr'>Ciceronis</span> <span class='ocrx_word' id='word_1_200' title='bbox 875 2665 1132 2730; x_wconf 82' lang='lat' dir='ltr'>familiaritatem</span> <span class='ocrx_word' id='word_1_201' title='bbox 1156 2667 1282 2730; x_wconf 90' lang='lat' dir='ltr'>amicus</span> <span class='ocrx_word' id='word_1_202' title='bbox 1305 2679 1378 2734; x_wconf 90' lang='lat' dir='ltr'>erat</span> 
     </span>
     <span class='ocr_line' id='line_1_24' title="bbox 178 2769 1378 2853; baseline 0.002 -19"><span class='ocrx_word' id='word_1_203' title='bbox 178 2771 305 2847; x_wconf 89' lang='lat' dir='ltr'>Miloni,</span> <span class='ocrx_word' id='word_1_204' title='bbox 331 2771 436 2853; x_wconf 86' lang='lat' dir='ltr'>egisse</span> <span class='ocrx_word' id='word_1_205' title='bbox 463 2791 594 2852; x_wconf 88' lang='lat' dir='ltr'>quoquc</span> <span class='ocrx_word' id='word_1_206' title='bbox 625 2769 806 2845; x_wconf 91' lang='lat' dir='ltr'>dicebatur,</span> <span class='ocrx_word' id='word_1_207' title='bbox 832 2790 934 2834; x_wconf 90' lang='lat' dir='ltr'>nese</span> <span class='ocrx_word' id='word_1_208' title='bbox 960 2770 1089 2836; x_wconf 88' lang='lat' dir='ltr'>dehac</span> <span class='ocrx_word' id='word_1_209' title='bbox 1113 2790 1148 2833; x_wconf 90' lang='lat' dir='ltr'>re</span> <span class='ocrx_word' id='word_1_210' title='bbox 1174 2770 1378 2836; x_wconf 90' lang='lat' dir='ltr'>consulendo</span> 
     </span>
     <span class='ocr_line' id='line_1_25' title="bbox 177 2875 475 2939; baseline -0.003 -2"><span class='ocrx_word' id='word_1_211' title='bbox 177 2875 300 2939; x_wconf 92' lang='lat' dir='ltr'>invidia</span> <span class='ocrx_word' id='word_1_212' title='bbox 317 2883 475 2938; x_wconf 88' lang='lat' dir='ltr'>oneraret.</span> 
     </span>
    </p>

    <p class='ocr_par' dir='ltr' id='par_1_4' title="bbox 175 2976 1421 3369">
     <span class='ocr_line' id='line_1_26' title="bbox 221 2976 1421 3060; baseline 0.007 -20"><span class='ocrx_word' id='word_1_213' title='bbox 221 2979 313 3042; x_wconf 91' lang='lat' dir='ltr'>Inter</span> <span class='ocrx_word' id='word_1_214' title='bbox 342 2978 423 3041; x_wconf 89' lang='lat' dir='ltr'>haec</span> <span class='ocrx_word' id='word_1_215' title='bbox 453 2998 527 3041; x_wconf 92' lang='lat' dir='ltr'>cum</span> <span class='ocrx_word' id='word_1_216' title='bbox 559 2976 762 3042; x_wconf 86' lang='lat' dir='ltr'>crebesceret</span> <span class='ocrx_word' id='word_1_217' title='bbox 793 2999 905 3042; x_wconf 89' lang='lat' dir='ltr'>rumor</span> <span class='ocrx_word' id='word_1_218' title='bbox 929 2978 987 3042; x_wconf 89' lang='lat' dir='ltr'>Cn.</span> <span class='ocrx_word' id='word_1_219' title='bbox 1014 2976 1245 3060; x_wconf 78' lang='lat' dir='ltr'>(Pompeium)</span> <span class='ocrx_word' id='word_1_220' title='bbox 1274 2980 1376 3044; x_wconf 88' lang='lat' dir='ltr'>creari</span> <span class='ocrx_word' id='word_1_221' title='bbox 1392 2997 1421 3048; x_wconf 84' lang='lat'>25</span> 
     </span>
     <span class='ocr_line' id='line_1_27' title="bbox 175 3081 1377 3164; baseline -0.001 -18"><span class='ocrx_word' id='word_1_222' title='bbox 175 3084 373 3146; x_wconf 87' lang='lat' dir='ltr'>dictatorem</span> <span class='ocrx_word' id='word_1_223' title='bbox 404 3091 558 3163; x_wconf 91' lang='lat' dir='ltr'>oportere</span> <span class='ocrx_word' id='word_1_224' title='bbox 585 3102 692 3164; x_wconf 90' lang='lat' dir='ltr'>neque</span> <span class='ocrx_word' id='word_1_225' title='bbox 721 3082 819 3145; x_wconf 84' lang='lat' dir='ltr'>aliter</span> <span class='ocrx_word' id='word_1_226' title='bbox 847 3081 936 3144; x_wconf 91' lang='lat' dir='ltr'>mala</span> <span class='ocrx_word' id='word_1_227' title='bbox 965 3081 1107 3146; x_wconf 87' lang='lat' dir='ltr'>civitatis</span> <span class='ocrx_word' id='word_1_228' title='bbox 1137 3082 1244 3145; x_wconf 90' lang='lat' dir='ltr'>sedari</span> <span class='ocrx_word' id='word_1_229' title='bbox 1270 3102 1377 3163; x_wconf 92' lang='lat' dir='ltr'>posse,</span> 
     </span>
     <span class='ocr_line' id='line_1_28' title="bbox 175 3184 1377 3269; baseline -0.002 -19"><span class='ocrx_word' id='word_1_230' title='bbox 175 3189 282 3251; x_wconf 90' lang='lat' dir='ltr'>visum</span> <span class='ocrx_word' id='word_1_231' title='bbox 306 3195 357 3248; x_wconf 91' lang='lat' dir='ltr'>est</span> <span class='ocrx_word' id='word_1_232' title='bbox 379 3184 598 3269; x_wconf 88' lang='lat' dir='ltr'>optimatibus</span> <span class='ocrx_word' id='word_1_233' title='bbox 624 3186 726 3249; x_wconf 90' lang='lat' dir='ltr'>tutius</span> <span class='ocrx_word' id='word_1_234' title='bbox 751 3205 823 3249; x_wconf 90' lang='lat' dir='ltr'>esse</span> <span class='ocrx_word' id='word_1_235' title='bbox 850 3204 926 3248; x_wconf 93' lang='lat' dir='ltr'>eum</span> <span class='ocrx_word' id='word_1_236' title='bbox 958 3185 1126 3249; x_wconf 92' lang='lat' dir='ltr'>consulem</span> <span class='ocrx_word' id='word_1_237' title='bbox 1151 3186 1222 3248; x_wconf 85' lang='lat' dir='ltr'>sine</span> <span class='ocrx_word' id='word_1_238' title='bbox 1249 3185 1377 3268; x_wconf 86' lang='lat' dir='ltr'>collega</span> 
     </span>
     <span class='ocr_line' id='line_1_29' title="bbox 175 3289 1376 3369; baseline -0.001 -16"><span class='ocrx_word' id='word_1_239' title='bbox 175 3291 287 3369; x_wconf 87' lang='lat' dir='ltr'>creari,</span> <span class='ocrx_word' id='word_1_240' title='bbox 303 3299 337 3353; x_wconf 92' lang='lat' dir='ltr'>et</span> <span class='ocrx_word' id='word_1_241' title='bbox 357 3311 432 3353; x_wconf 91' lang='lat' dir='ltr'>cum</span> <span class='ocrx_word' id='word_1_242' title='bbox 453 3298 596 3353; x_wconf 90' lang='lat' dir='ltr'>tractata</span> <span class='ocrx_word' id='word_1_243' title='bbox 615 3309 654 3353; x_wconf 89' lang='lat' dir='ltr'>ea</span> <span class='ocrx_word' id='word_1_244' title='bbox 677 3309 728 3352; x_wconf 91' lang='lat' dir='ltr'>res</span> <span class='ocrx_word' id='word_1_245' title='bbox 747 3298 833 3352; x_wconf 92' lang='lat' dir='ltr'>esset</span> <span class='ocrx_word' id='word_1_246' title='bbox 855 3290 887 3352; x_wconf 92' lang='lat' dir='ltr'>in</span> <span class='ocrx_word' id='word_1_247' title='bbox 904 3298 1030 3365; x_wconf 90' lang='lat' dir='ltr'>senatu,</span> <span class='ocrx_word' id='word_1_248' title='bbox 1046 3289 1134 3353; x_wconf 89' lang='lat' dir='ltr'>facto</span> <span class='ocrx_word' id='word_1_249' title='bbox 1151 3289 1183 3350; x_wconf 95' lang='lat' dir='ltr'>in</span> <span class='ocrx_word' id='word_1_250' title='bbox 1200 3289 1248 3352; x_wconf 93' lang='lat' dir='ltr'>M.</span> <span class='ocrx_word' id='word_1_251' title='bbox 1266 3289 1376 3355; x_wconf 89' lang='lat' dir='ltr'>Bibuli</span> 
     </span>
    </p>
   </div>
   <div class='ocr_carea' id='block_1_3' title="bbox 418 3414 1111 3481">
    <p class='ocr_par' dir='ltr' id='par_1_5' title="bbox 418 3414 1111 3481">
     <span class='ocr_line' id='line_1_30' title="bbox 418 3414 1111 3481; baseline 0.003 -17"><span class='ocrx_word' id='word_1_252' title='bbox 418 3428 439 3464; x_wconf 93' lang='lat'>1.</span> <span class='ocrx_word' id='word_1_253' title='bbox 457 3431 483 3466; x_wconf 89' lang='lat' dir='ltr'>se</span> <span class='ocrx_word' id='word_1_254' title='bbox 494 3414 638 3476; x_wconf 88' lang='lat' dir='ltr'>defenderit,</span> <span class='ocrx_word' id='word_1_255' title='bbox 651 3416 759 3466; x_wconf 90' lang='lat' dir='ltr'>Rinkes:</span> <span class='ocrx_word' id='word_1_256' title='bbox 776 3415 810 3465; x_wconf 80' lang='lat' dir='ltr'>sic</span> <span class='ocrx_word' id='word_1_257' title='bbox 820 3431 844 3466; x_wconf 81' lang='lat' dir='ltr'>sc</span> <span class='ocrx_word' id='word_1_258' title='bbox 855 3416 994 3481; x_wconf 75' lang='lat' dir='ltr'>defenderat</span> <span class='ocrx_word' id='word_1_259' title='bbox 1005 3420 1019 3452; x_wconf 88' lang='lat'><strong>*</strong></span> <span class='ocrx_word' id='word_1_260' title='bbox 1031 3417 1045 3448; x_wconf 86' lang='grc'><strong>*</strong></span> <span class='ocrx_word' id='word_1_261' title='bbox 1056 3415 1070 3448; x_wconf 83' lang='grc'>*</span> <span class='ocrx_word' id='word_1_262' title='bbox 1080 3425 1111 3466; x_wconf 80' lang='lat' dir='ltr'>at.</span> 
     </span>
    </p>
   </div>
   <div class='ocr_carea' id='block_1_4' title="bbox 170 3522 1381 4505">
    <p class='ocr_par' dir='ltr' id='par_1_6' title="bbox 170 3522 1381 4505">
     <span class='ocr_line' id='line_1_31' title="bbox 175 3522 1377 3588; baseline 0.003 -16"><span class='ocrx_word' id='word_1_263' title='bbox 175 3523 246 3579; x_wconf 88' lang='lat' dir='ltr'>Milo,</span> <span class='ocrx_word' id='word_1_264' title='bbox 268 3523 299 3573; x_wconf 93' lang='lat' dir='ltr'>he</span> <span class='ocrx_word' id='word_1_265' title='bbox 319 3522 403 3572; x_wconf 90' lang='lat' dir='ltr'>would</span> <span class='ocrx_word' id='word_1_266' title='bbox 423 3522 547 3588; x_wconf 86' lang='lat' dir='ltr'>naturally</span> <span class='ocrx_word' id='word_1_267' title='bbox 566 3522 643 3587; x_wconf 87' lang='lat' dir='ltr'>speak</span> <span class='ocrx_word' id='word_1_268' title='bbox 662 3539 695 3572; x_wconf 88' lang='lat' dir='ltr'>ou</span> <span class='ocrx_word' id='word_1_269' title='bbox 710 3522 750 3572; x_wconf 87' lang='lat' dir='ltr'>his</span> <span class='ocrx_word' id='word_1_270' title='bbox 834 3535 872 3588; x_wconf 92' lang='lat'>19.</span> <span class='ocrx_word' id='word_1_271' title='bbox 888 3538 920 3573; x_wconf 78' lang='grc' dir='ltr'>ιο</span> <span class='ocrx_word' id='word_1_272' title='bbox 931 3530 1102 3582; x_wconf 57' lang='lat' dir='ltr'>nequent:</span> <span class='ocrx_word' id='word_1_273' title='bbox 1119 3524 1161 3574; x_wconf 90' lang='lat' dir='ltr'>the</span> <span class='ocrx_word' id='word_1_274' title='bbox 1172 3524 1253 3574; x_wconf 89' lang='lat' dir='ltr'>words</span> <span class='ocrx_word' id='word_1_275' title='bbox 1264 3525 1324 3574; x_wconf 88' lang='lat' dir='ltr'>bear</span> <span class='ocrx_word' id='word_1_276' title='bbox 1334 3525 1377 3576; x_wconf 90' lang='lat' dir='ltr'>the</span> 
     </span>
     <span class='ocr_line' id='line_1_32' title="bbox 175 3588 1377 3655; baseline 0 -17"><span class='ocrx_word' id='word_1_277' title='bbox 175 3589 263 3638; x_wconf 86' lang='lat' dir='ltr'>behalf</span> <span class='ocrx_word' id='word_1_278' title='bbox 271 3590 296 3637; x_wconf 92' lang='lat' dir='ltr'>in</span> <span class='ocrx_word' id='word_1_279' title='bbox 308 3589 350 3638; x_wconf 88' lang='lat' dir='ltr'>the</span> <span class='ocrx_word' id='word_1_280' title='bbox 361 3594 454 3637; x_wconf 83' lang='lat' dir='ltr'>senate.</span> <span class='ocrx_word' id='word_1_281' title='bbox 797 3595 879 3653; x_wconf 87' lang='lat' dir='ltr'>stamp</span> <span class='ocrx_word' id='word_1_282' title='bbox 888 3589 918 3638; x_wconf 93' lang='lat' dir='ltr'>of</span> <span class='ocrx_word' id='word_1_283' title='bbox 925 3588 1087 3652; x_wconf 90' lang='lat' dir='ltr'>authenticity</span> <span class='ocrx_word' id='word_1_284' title='bbox 1095 3606 1162 3654; x_wconf 90' lang='lat' dir='ltr'>upon</span> <span class='ocrx_word' id='word_1_285' title='bbox 1171 3589 1246 3640; x_wconf 90' lang='lat' dir='ltr'>them.</span> <span class='ocrx_word' id='word_1_286' title='bbox 1264 3591 1377 3655; x_wconf 90' lang='lat' dir='ltr'>Pompey</span> 
     </span>
     <span class='ocr_line' id='line_1_33' title="bbox 209 3653 1376 3720; baseline 0.004 -18"><span class='ocrx_word' id='word_1_287' title='bbox 209 3668 232 3718; x_wconf 83' lang='lat'>5.</span> <span class='ocrx_word' id='word_1_288' title='bbox 249 3660 346 3703; x_wconf 72' lang='lat' dir='ltr'>tribua</span> <span class='ocrx_word' id='word_1_289' title='bbox 367 3660 495 3703; x_wconf 63' lang='lat' dir='ltr'>uuluam:</span> <span class='ocrx_word' id='word_1_290' title='bbox 521 3653 609 3704; x_wconf 89' lang='lat' dir='ltr'>Cicero</span> <span class='ocrx_word' id='word_1_291' title='bbox 629 3653 654 3702; x_wconf 90' lang='lat' dir='ltr'>iu</span> <span class='ocrx_word' id='word_1_292' title='bbox 680 3657 693 3713; x_wconf 68' lang='lat' dir='ltr'>f</span> <span class='ocrx_word' id='word_1_293' title='bbox 717 3653 749 3703; x_wconf 86' lang='grc'>86</span> <span class='ocrx_word' id='word_1_294' title='bbox 797 3654 906 3704; x_wconf 88' lang='lat' dir='ltr'>excelled</span> <span class='ocrx_word' id='word_1_295' title='bbox 922 3656 947 3702; x_wconf 89' lang='lat' dir='ltr'>in</span> <span class='ocrx_word' id='word_1_296' title='bbox 965 3656 1034 3705; x_wconf 90' lang='lat' dir='ltr'>these</span> <span class='ocrx_word' id='word_1_297' title='bbox 1051 3657 1219 3720; x_wconf 87' lang='lat' dir='ltr'>‘ungenerous</span> <span class='ocrx_word' id='word_1_298' title='bbox 1235 3655 1376 3707; x_wconf 81' lang='lat' dir='ltr'>answers&#39;:</span> 
     </span>
     <span class='ocr_line' id='line_1_34' title="bbox 174 3719 1381 3850; baseline 0.002 -15"><span class='ocrx_word' id='word_1_299' title='bbox 174 3720 280 3849; x_wconf 56' lang='lat' dir='ltr'>{biblirig</span> <span class='ocrx_word' id='word_1_300' title='bbox 291 3719 322 3833; x_wconf 61' lang='lat' dir='ltr'>gf</span> <span class='ocrx_word' id='word_1_301' title='bbox 328 3719 751 3850; x_wconf 40' lang='lat' dir='ltr'>tpppnycpupgopplllyptaapedmsays</span> <span class='ocrx_word' id='word_1_302' title='bbox 796 3734 873 3834; x_wconf 40' lang='lat' dir='ltr'>scip..</span> <span class='ocrx_word' id='word_1_303' title='bbox 885 3720 1090 3835; x_wconf 51' lang='grc' dir='ltr'>ἓνὲζούίῇωτ</span> <span class='ocrx_word' id='word_1_304' title='bbox 1107 3802 1141 3836; x_wconf 88' lang='lat' dir='ltr'>sc.</span> <span class='ocrx_word' id='word_1_305' title='bbox 1157 3786 1269 3846; x_wconf 87' lang='lat' dir='ltr'>Hirrum,</span> <span class='ocrx_word' id='word_1_306' title='bbox 1285 3804 1333 3837; x_wconf 90' lang='lat' dir='ltr'>one</span> <span class='ocrx_word' id='word_1_307' title='bbox 1350 3789 1381 3837; x_wconf 89' lang='lat' dir='ltr'>of</span> 
     </span>
     <span class='ocr_line' id='line_1_35' title="bbox 209 3849 1375 3915; baseline 0.004 -17"><span class='ocrx_word' id='word_1_308' title='bbox 209 3866 233 3913; x_wconf 92' lang='lat'>9.</span> <span class='ocrx_word' id='word_1_309' title='bbox 253 3856 402 3908; x_wconf 73' lang='lat' dir='ltr'>parvolum</span> <span class='ocrx_word' id='word_1_310' title='bbox 426 3855 537 3899; x_wconf 79' lang='lat' dir='ltr'>fllium:</span> <span class='ocrx_word' id='word_1_311' title='bbox 565 3850 597 3899; x_wconf 89' lang='lat' dir='ltr'>he</span> <span class='ocrx_word' id='word_1_312' title='bbox 626 3851 647 3899; x_wconf 92' lang='lat' dir='ltr'>is</span> <span class='ocrx_word' id='word_1_313' title='bbox 671 3850 751 3913; x_wconf 92' lang='lat' dir='ltr'>styled</span> <span class='ocrx_word' id='word_1_314' title='bbox 797 3849 928 3914; x_wconf 87' lang='lat' dir='ltr'>Pompey’s</span> <span class='ocrx_word' id='word_1_315' title='bbox 948 3849 1105 3915; x_wconf 82' lang='lat' dir='ltr'>familiares,</span> <span class='ocrx_word' id='word_1_316' title='bbox 1129 3868 1169 3902; x_wconf 90' lang='lat' dir='ltr'>see</span> <span class='ocrx_word' id='word_1_317' title='bbox 1199 3851 1322 3914; x_wconf 78' lang='lat' dir='ltr'>Willems,</span> <span class='ocrx_word' id='word_1_318' title='bbox 1350 3853 1375 3903; x_wconf 91' lang='lat' dir='ltr'>le</span> 
     </span>
     <span class='ocr_line' id='line_1_36' title="bbox 170 3915 1173 3982; baseline 0.002 -18"><span class='ocrx_word' id='word_1_319' title='bbox 170 3924 240 3980; x_wconf 80' lang='lat' dir='ltr'>puer</span> <span class='ocrx_word' id='word_1_320' title='bbox 258 3915 326 3978; x_wconf 86' lang='lat' dir='ltr'>eight</span> <span class='ocrx_word' id='word_1_321' title='bbox 344 3931 414 3979; x_wconf 88' lang='lat' dir='ltr'>years</span> <span class='ocrx_word' id='word_1_322' title='bbox 434 3915 577 3964; x_wconf 85' lang='lat' dir='ltr'>afterwards</span> <span class='ocrx_word' id='word_1_323' title='bbox 596 3915 620 3963; x_wconf 92' lang='lat' dir='ltr'>in</span> <span class='ocrx_word' id='word_1_324' title='bbox 638 3916 680 3964; x_wconf 89' lang='lat' dir='ltr'>the</span> <span class='ocrx_word' id='word_1_325' title='bbox 697 3932 751 3965; x_wconf 89' lang='lat' dir='ltr'>cor·</span> <span class='ocrx_word' id='word_1_326' title='bbox 797 3916 882 3976; x_wconf 73' lang='lat' dir='ltr'>Senat,</span> <span class='ocrx_word' id='word_1_327' title='bbox 896 3917 912 3965; x_wconf 89' lang='lat' dir='ltr'>i.</span> <span class='ocrx_word' id='word_1_328' title='bbox 925 3933 949 3981; x_wconf 94' lang='lat' dir='ltr'>p.</span> <span class='ocrx_word' id='word_1_329' title='bbox 962 3931 1024 3980; x_wconf 76' lang='lat'>5203</span> <span class='ocrx_word' id='word_1_330' title='bbox 1042 3917 1073 3967; x_wconf 90' lang='lat' dir='ltr'>cf.</span> <span class='ocrx_word' id='word_1_331' title='bbox 1086 3934 1111 3982; x_wconf 90' lang='lat' dir='ltr'>p.</span> <span class='ocrx_word' id='word_1_332' title='bbox 1123 3918 1173 3966; x_wconf 81' lang='lat' dir='ltr'>xix.</span> 
     </span>
     <span class='ocr_line' id='line_1_37' title="bbox 174 3981 1374 4048; baseline 0.001 -17"><span class='ocrx_word' id='word_1_333' title='bbox 174 3982 341 4046; x_wconf 87' lang='lat' dir='ltr'>respondence</span> <span class='ocrx_word' id='word_1_334' title='bbox 358 3981 468 4029; x_wconf 89' lang='lat' dir='ltr'>between</span> <span class='ocrx_word' id='word_1_335' title='bbox 486 3981 570 4029; x_wconf 90' lang='lat' dir='ltr'>Anton</span> <span class='ocrx_word' id='word_1_336' title='bbox 598 3982 647 4029; x_wconf 80' lang='lat' dir='ltr'>and</span> <span class='ocrx_word' id='word_1_337' title='bbox 662 3981 751 4031; x_wconf 89' lang='lat' dir='ltr'>Cicero</span> <span class='ocrx_word' id='word_1_338' title='bbox 833 3983 870 4031; x_wconf 84' lang='lat'>28.</span> <span class='ocrx_word' id='word_1_339' title='bbox 889 3987 921 4030; x_wconf 80' lang='lat' dir='ltr'>ln</span> <span class='ocrx_word' id='word_1_340' title='bbox 933 3988 972 4032; x_wconf 78' lang='grc' dir='ltr'>Ι.</span> <span class='ocrx_word' id='word_1_341' title='bbox 983 3988 1082 4032; x_wconf 73' lang='lat' dir='ltr'>Bibuli</span> <span class='ocrx_word' id='word_1_342' title='bbox 1094 3989 1182 4034; x_wconf 69' lang='lat' dir='ltr'>aaut:</span> <span class='ocrx_word' id='word_1_343' title='bbox 1200 3983 1240 4032; x_wconf 90' lang='lat' dir='ltr'>his</span> <span class='ocrx_word' id='word_1_344' title='bbox 1254 3983 1374 4048; x_wconf 89' lang='lat' dir='ltr'>proposal</span> 
     </span>
     <span class='ocr_line' id='line_1_38' title="bbox 175 3998 1376 4112; baseline 0.002 -16"><span class='ocrx_word' id='word_1_345' title='bbox 175 4049 200 4096; x_wconf 93' lang='lat' dir='ltr'>in</span> <span class='ocrx_word' id='word_1_346' title='bbox 212 4063 245 4110; x_wconf 88' lang='lat'>44</span> <span class='ocrx_word' id='word_1_347' title='bbox 257 4059 297 4096; x_wconf 76' lang='lat' dir='ltr'>uc</span> <span class='ocrx_word' id='word_1_348' title='bbox 318 4047 383 4110; x_wconf 88' lang='lat' dir='ltr'>[Att.</span> <span class='ocrx_word' id='word_1_349' title='bbox 396 4047 444 4094; x_wconf 88' lang='lat' dir='ltr'>xiv.</span> <span class='ocrx_word' id='word_1_350' title='bbox 458 4059 487 4108; x_wconf 84' lang='lat'>13</span> <span class='ocrx_word' id='word_1_351' title='bbox 501 4047 531 4094; x_wconf 87' lang='lat' dir='ltr'>A.</span> <span class='ocrx_word' id='word_1_352' title='bbox 542 3998 592 4110; x_wconf 55' lang='lat' dir='ltr'>Bi.</span> <span class='ocrx_word' id='word_1_353' title='bbox 612 4047 652 4096; x_wconf 89' lang='lat' dir='ltr'>Cf.</span> <span class='ocrx_word' id='word_1_354' title='bbox 663 4052 675 4105; x_wconf 72' lang='grc'>5</span> <span class='ocrx_word' id='word_1_355' title='bbox 685 4049 715 4110; x_wconf 85' lang='lat'>87</span> <span class='ocrx_word' id='word_1_356' title='bbox 724 4064 750 4096; x_wconf 88' lang='lat' dir='ltr'>n.</span> <span class='ocrx_word' id='word_1_357' title='bbox 797 4063 848 4096; x_wconf 89' lang='lat' dir='ltr'>was</span> <span class='ocrx_word' id='word_1_358' title='bbox 865 4048 1000 4112; x_wconf 90' lang='lat' dir='ltr'>supported</span> <span class='ocrx_word' id='word_1_359' title='bbox 1018 4048 1051 4112; x_wconf 94' lang='lat' dir='ltr'>by</span> <span class='ocrx_word' id='word_1_360' title='bbox 1070 4048 1143 4098; x_wconf 89' lang='lat' dir='ltr'>Cato.</span> <span class='ocrx_word' id='word_1_361' title='bbox 1178 4049 1232 4098; x_wconf 90' lang='lat' dir='ltr'>The</span> <span class='ocrx_word' id='word_1_362' title='bbox 1247 4051 1376 4112; x_wconf 79' lang='lat' dir='ltr'>optimates</span> 
     </span>
     <span class='ocr_line' id='line_1_39' title="bbox 211 4112 1375 4178; baseline 0.003 -18"><span class='ocrx_word' id='word_1_363' title='bbox 211 4127 248 4160; x_wconf 92' lang='lat'>11.</span> <span class='ocrx_word' id='word_1_364' title='bbox 266 4118 472 4170; x_wconf 68' lang='lat' dir='ltr'>quaestionem:</span> <span class='ocrx_word' id='word_1_365' title='bbox 492 4112 614 4161; x_wconf 90' lang='lat' dir='ltr'>Asconius</span> <span class='ocrx_word' id='word_1_366' title='bbox 622 4113 713 4176; x_wconf 89' lang='lat' dir='ltr'>speaks</span> <span class='ocrx_word' id='word_1_367' title='bbox 725 4129 752 4162; x_wconf 91' lang='lat' dir='ltr'>as</span> <span class='ocrx_word' id='word_1_368' title='bbox 798 4112 889 4178; x_wconf 91' lang='lat' dir='ltr'>hoped,</span> <span class='ocrx_word' id='word_1_369' title='bbox 904 4114 937 4177; x_wconf 93' lang='lat' dir='ltr'>by</span> <span class='ocrx_word' id='word_1_370' title='bbox 954 4113 1040 4178; x_wconf 87' lang='lat' dir='ltr'>giving</span> <span class='ocrx_word' id='word_1_371' title='bbox 1057 4114 1168 4178; x_wconf 90' lang='lat' dir='ltr'>Pompey</span> <span class='ocrx_word' id='word_1_372' title='bbox 1179 4131 1210 4163; x_wconf 84' lang='lat' dir='ltr'>an</span> <span class='ocrx_word' id='word_1_373' title='bbox 1227 4114 1298 4164; x_wconf 87' lang='lat' dir='ltr'>office</span> <span class='ocrx_word' id='word_1_374' title='bbox 1314 4115 1375 4163; x_wconf 87' lang='lat' dir='ltr'>with</span> 
     </span>
     <span class='ocr_line' id='line_1_40' title="bbox 174 4176 1376 4242; baseline 0.001 -15"><span class='ocrx_word' id='word_1_375' title='bbox 174 4179 197 4227; x_wconf 94' lang='lat' dir='ltr'>if</span> <span class='ocrx_word' id='word_1_376' title='bbox 204 4179 269 4227; x_wconf 89' lang='lat' dir='ltr'>Milo</span> <span class='ocrx_word' id='word_1_377' title='bbox 281 4194 344 4227; x_wconf 91' lang='lat' dir='ltr'>were</span> <span class='ocrx_word' id='word_1_378' title='bbox 355 4193 382 4226; x_wconf 89' lang='lat' dir='ltr'>as</span> <span class='ocrx_word' id='word_1_379' title='bbox 389 4194 404 4226; x_wconf 93' lang='lat' dir='ltr'>a</span> <span class='ocrx_word' id='word_1_380' title='bbox 406 4176 594 4241; x_wconf 83' lang='lat' dir='ltr'>paterfamilias</span> <span class='ocrx_word' id='word_1_381' title='bbox 603 4179 752 4242; x_wconf 86' lang='lat' dir='ltr'>conducting</span> <span class='ocrx_word' id='word_1_382' title='bbox 797 4195 812 4226; x_wconf 88' lang='lat' dir='ltr'>a</span> <span class='ocrx_word' id='word_1_383' title='bbox 832 4179 1016 4228; x_wconf 84' lang='lat' dir='ltr'>constitutional</span> <span class='ocrx_word' id='word_1_384' title='bbox 1036 4179 1098 4240; x_wconf 80' lang='lat' dir='ltr'>title,</span> <span class='ocrx_word' id='word_1_385' title='bbox 1115 4187 1142 4228; x_wconf 87' lang='lat' dir='ltr'>to</span> <span class='ocrx_word' id='word_1_386' title='bbox 1157 4195 1228 4228; x_wconf 90' lang='lat' dir='ltr'>wean</span> <span class='ocrx_word' id='word_1_387' title='bbox 1243 4179 1295 4227; x_wconf 92' lang='lat' dir='ltr'>him</span> <span class='ocrx_word' id='word_1_388' title='bbox 1311 4180 1376 4228; x_wconf 87' lang='lat' dir='ltr'>from</span> 
     </span>
     <span class='ocr_line' id='line_1_41' title="bbox 174 4242 1376 4309; baseline 0.002 -16"><span class='ocrx_word' id='word_1_389' title='bbox 174 4262 189 4293; x_wconf 88' lang='lat' dir='ltr'>a</span> <span class='ocrx_word' id='word_1_390' title='bbox 202 4245 310 4308; x_wconf 80' lang='lat' dir='ltr'>quaestio</span> <span class='ocrx_word' id='word_1_391' title='bbox 326 4258 394 4307; x_wconf 89' lang='lat' dir='ltr'>upon</span> <span class='ocrx_word' id='word_1_392' title='bbox 411 4243 450 4290; x_wconf 91' lang='lat' dir='ltr'>his</span> <span class='ocrx_word' id='word_1_393' title='bbox 468 4242 547 4291; x_wconf 89' lang='lat' dir='ltr'>slaves</span> <span class='ocrx_word' id='word_1_394' title='bbox 565 4243 647 4292; x_wconf 86' lang='lat' dir='ltr'>before</span> <span class='ocrx_word' id='word_1_395' title='bbox 664 4259 679 4291; x_wconf 91' lang='lat' dir='ltr'>a</span> <span class='ocrx_word' id='word_1_396' title='bbox 696 4260 751 4293; x_wconf 86' lang='lat' dir='ltr'>con·</span> <span class='ocrx_word' id='word_1_397' title='bbox 797 4244 836 4292; x_wconf 88' lang='lat' dir='ltr'>bis</span> <span class='ocrx_word' id='word_1_398' title='bbox 853 4245 932 4293; x_wconf 87' lang='lat' dir='ltr'>desire</span> <span class='ocrx_word' id='word_1_399' title='bbox 950 4251 978 4293; x_wconf 91' lang='lat' dir='ltr'>to</span> <span class='ocrx_word' id='word_1_400' title='bbox 994 4246 1097 4294; x_wconf 87' lang='lat' dir='ltr'>become</span> <span class='ocrx_word' id='word_1_401' title='bbox 1114 4244 1227 4295; x_wconf 90' lang='lat' dir='ltr'>dictator.</span> <span class='ocrx_word' id='word_1_402' title='bbox 1261 4245 1376 4309; x_wconf 89' lang='lat' dir='ltr'>Pompey</span> 
     </span>
     <span class='ocr_line' id='line_1_42' title="bbox 174 4308 1376 4374; baseline 0.002 -16"><span class='ocrx_word' id='word_1_403' title='bbox 174 4310 262 4358; x_wconf 86' lang='lat' dir='ltr'>silium</span> <span class='ocrx_word' id='word_1_404' title='bbox 275 4308 304 4358; x_wconf 95' lang='lat' dir='ltr'>of</span> <span class='ocrx_word' id='word_1_405' title='bbox 312 4309 350 4358; x_wconf 93' lang='lat' dir='ltr'>his</span> <span class='ocrx_word' id='word_1_406' title='bbox 363 4308 468 4357; x_wconf 90' lang='lat' dir='ltr'>friends:</span> <span class='ocrx_word' id='word_1_407' title='bbox 487 4308 518 4357; x_wconf 89' lang='lat' dir='ltr'>cf.</span> <span class='ocrx_word' id='word_1_408' title='bbox 533 4313 544 4366; x_wconf 83' lang='lat'>§</span> <span class='ocrx_word' id='word_1_409' title='bbox 559 4317 590 4371; x_wconf 78' lang='lat'>73</span> <span class='ocrx_word' id='word_1_410' title='bbox 602 4325 628 4356; x_wconf 92' lang='lat' dir='ltr'>n.</span> <span class='ocrx_word' id='word_1_411' title='bbox 797 4325 849 4357; x_wconf 88' lang='lat' dir='ltr'>was</span> <span class='ocrx_word' id='word_1_412' title='bbox 869 4310 1025 4373; x_wconf 86' lang='lat' dir='ltr'>empowered</span> <span class='ocrx_word' id='word_1_413' title='bbox 1047 4318 1074 4360; x_wconf 92' lang='lat' dir='ltr'>to</span> <span class='ocrx_word' id='word_1_414' title='bbox 1096 4309 1187 4359; x_wconf 92' lang='lat' dir='ltr'>choose</span> <span class='ocrx_word' id='word_1_415' title='bbox 1204 4326 1220 4359; x_wconf 91' lang='lat' dir='ltr'>a</span> <span class='ocrx_word' id='word_1_416' title='bbox 1236 4309 1376 4374; x_wconf 77' lang='lat' dir='ltr'>colleague,</span> 
     </span>
     <span class='ocr_line' id='line_1_43' title="bbox 210 4373 1376 4434; baseline 0.003 -11"><span class='ocrx_word' id='word_1_417' title='bbox 210 4377 247 4425; x_wconf 87' lang='lat'>18.</span> <span class='ocrx_word' id='word_1_418' title='bbox 264 4382 412 4432; x_wconf 68' lang='lat' dir='ltr'>amaror:</span> <span class='ocrx_word' id='word_1_419' title='bbox 431 4373 456 4421; x_wconf 89' lang='lat' dir='ltr'>in</span> <span class='ocrx_word' id='word_1_420' title='bbox 468 4373 509 4421; x_wconf 90' lang='lat' dir='ltr'>the</span> <span class='ocrx_word' id='word_1_421' title='bbox 518 4373 584 4422; x_wconf 91' lang='lat' dir='ltr'>third</span> <span class='ocrx_word' id='word_1_422' title='bbox 595 4374 752 4424; x_wconf 82' lang='lat' dir='ltr'>Mithridatic</span> <span class='ocrx_word' id='word_1_423' title='bbox 797 4375 886 4423; x_wconf 92' lang='lat' dir='ltr'>should</span> <span class='ocrx_word' id='word_1_424' title='bbox 905 4375 937 4423; x_wconf 90' lang='lat' dir='ltr'>he</span> <span class='ocrx_word' id='word_1_425' title='bbox 954 4374 1033 4424; x_wconf 89' lang='lat' dir='ltr'>desire</span> <span class='ocrx_word' id='word_1_426' title='bbox 1051 4391 1107 4434; x_wconf 90' lang='lat' dir='ltr'>one,</span> <span class='ocrx_word' id='word_1_427' title='bbox 1126 4375 1189 4424; x_wconf 86' lang='lat' dir='ltr'>after</span> <span class='ocrx_word' id='word_1_428' title='bbox 1206 4382 1256 4425; x_wconf 89' lang='lat' dir='ltr'>two</span> <span class='ocrx_word' id='word_1_429' title='bbox 1273 4375 1376 4427; x_wconf 83' lang='lat' dir='ltr'>mouths</span> 
     </span>
     <span class='ocr_line' id='line_1_44' title="bbox 172 4439 1201 4505; baseline 0.001 -16"><span class='ocrx_word' id='word_1_430' title='bbox 172 4456 233 4504; x_wconf 89' lang='lat' dir='ltr'>war,</span> <span class='ocrx_word' id='word_1_431' title='bbox 245 4441 335 4505; x_wconf 87' lang='lat' dir='ltr'>during</span> <span class='ocrx_word' id='word_1_432' title='bbox 345 4439 377 4488; x_wconf 87' lang='lat'>66</span> <span class='ocrx_word' id='word_1_433' title='bbox 390 4451 459 4489; x_wconf 66' lang='lat' dir='ltr'>uo:</span> <span class='ocrx_word' id='word_1_434' title='bbox 476 4439 509 4489; x_wconf 92' lang='lat' dir='ltr'>cf.</span> <span class='ocrx_word' id='word_1_435' title='bbox 525 4439 607 4489; x_wconf 88' lang='lat' dir='ltr'>Flacc.</span> <span class='ocrx_word' id='word_1_436' title='bbox 622 4453 660 4488; x_wconf 83' lang='lat'>20.</span> <span class='ocrx_word' id='word_1_437' title='bbox 796 4441 846 4489; x_wconf 86' lang='lat' dir='ltr'>had</span> <span class='ocrx_word' id='word_1_438' title='bbox 859 4441 946 4505; x_wconf 90' lang='lat' dir='ltr'>passed</span> <span class='ocrx_word' id='word_1_439' title='bbox 960 4440 1037 4504; x_wconf 92' lang='lat' dir='ltr'>[Plut.</span> <span class='ocrx_word' id='word_1_440' title='bbox 1050 4442 1139 4505; x_wconf 89' lang='lat' dir='ltr'>Pomp.</span> <span class='ocrx_word' id='word_1_441' title='bbox 1149 4441 1201 4504; x_wconf 82' lang='lat'><strong>54].</strong></span> 
     </span>
    </p>
   </div>
   <div class='ocr_carea' id='block_1_5' title="bbox 0 0 1468 4928">
    <p class='ocr_par' dir='ltr' id='par_1_7' title="bbox 0 0 1468 4928">
     <span class='ocr_line' id='line_1_45' title="bbox 0 0 1468 4928; baseline 0 1"><span class='ocrx_word' id='word_1_442' title='bbox 0 0 1468 4928; x_wconf 95' lang='lat' dir='ltr'> </span> 
     </span>
    </p>
   </div>
  </div>
 </body>
</html>
