2926 4928
402 318 501 382 PRO
534 318 568 383 Τ.
600 317 759 382 ANNIO
788 317 987 383 MILONE.
1252 332 1297 404 93

97 492 248 556 minime'
274 494 398 578 inquit;
432 494 556 558 ‘immo
586 513 664 557 vero
691 514 815 577 poenas
845 493 899 557 ille
929 494 1058 559 debitas
1082 493 1199 572 luerit;
1235 514 1295 556 nos

96 597 281 672 subeamus,
308 598 335 662 si
355 599 408 661 ‚ita
433 617 566 662 necesse
592 606 652 675 est,
673 617 739 660 non
762 596 908 661 debitas?
954 597 1075 662 Hicine
1097 598 1146 660 vir
1169 598 1295 681 patriae

96 712 194 764 natus
218 721 356 784 usquam
375 702 437 764 nisi
462 701 496 763 in
520 702 627 785 patria
651 701 809 764 morietur
829 710 897 776 aut,
919 701 946 765 si
966 701 1059 779 sorte,
1080 721 1140 785 pro
1165 702 1296 785 patria?

96 803 194 868 huius
214 826 274 868 vos
294 805 396 868 animi
413 805 618 868 monimenta
636 803 825 880 retinebitis,
843 806 989 888 corporis
1005 806 1038 868 in
1055 804 1153 868 ltalia
1168 805 1295 868 nullum

69 909 283 990 5sepulcrum
300 929 371 972 esse
392 909 586 992 patiemini?
609 908 695 973 hunc
714 929 773 972 sua
792 908 965 992 quisquam
985 911 1148 973 sententia
1169 930 1213 973 ex
1233 910 1296 972 hac

97 1013 178 1075 urbe
208 1012 363 1094 expellet,
393 1032 492 1096 quem
523 1032 638 1076 omnes
668 1013 766 1077 urbes
796 1012 974 1095 expulsum
1005 1034 1025 1075 a
1056 1014 1152 1077 vobis
1184 1014 1228 1076 ad
1261 1034 1296 1077 se

96 1117 287 1180 vocabunt?
333 1115 364 1180 Ο
380 1126 501 1180 terram
518 1114 608 1179 illam
624 1117 767 1194 beatam,
782 1137 868 1199 quae
883 1115 969 1179 hunc
990 1115 1095 1180 virum
1118 1117 1297 1197 exceperit,
1309 1124 1363 1171 105

45 1227 53 1242 ⁶
96 1219 183 1282 hanc
207 1221 380 1301 ingratam,
396 1220 423 1282 si
447 1220 584 1295 eiecerit,
601 1221 764 1295 miseram,
785 1221 812 1282 si
836 1221 1000 1284 amiserit!
1047 1219 1115 1284 Sed
1138 1219 1211 1284 finis
1234 1221 1297 1299 sit;

98 1344 206 1406 neque
221 1324 308 1387 enim
324 1344 405 1406 prae
419 1322 564 1387 lacrimis
579 1324 646 1386 iam
663 1324 752 1406 loqui
774 1344 959 1406 possumus,
976 1333 1009 1388 et
1028 1323 1082 1386 hic
1103 1344 1139 1388 se
1157 1323 1296 1388 lacrimis

54 1427 231 1492 10defendi
257 1437 358 1491 vetat.
403 1427 475 1491 Vos
502 1448 560 1491 oro
588 1428 809 1511 obtestorque,
837 1428 970 1501 iudices,
998 1438 1035 1491 ut
1061 1428 1095 1491 in
1125 1428 1297 1493 sententiis

99 1531 247 1605 serendis,
270 1531 360 1613 quod
386 1531 544 1608 sentietis,
567 1531 601 1594 id
622 1527 783 1595 'audeatis
829 1531 986 1596 Vestram
1013 1530 1178 1609 virtutem,
1204 1531 1297 1595 iusti·

98 1637 189 1707 tiam,
220 1633 328 1711 fidem,
367 1635 448 1697 mihi
485 1635 618 1711 credite,
648 1635 675 1697 is
713 1635 861 1699 maxime
898 1634 1137 1717 comprobabit,
1168 1637 1224 1718 qui
1263 1636 1297 1698 in

99 1739 261 1803 iudicibus
288 1737 434 1820 legendis
462 1738 626 1820 optimum
654 1748 688 1802 et
711 1736 991 1820 sapientissimum
1019 1748 1053 1802 et
1080 1738 1296 1803 fortissimum

99 1863 264 1924 quemque
279 1842 387 1925 elegit.

133 2034 155 2068 a.
172 2035 220 2067 non
233 2018 329 2068 debitas
341 2034 389 2066 om.
401 2019 432 2067 T.
576 2033 599 2080 3.
617 2035 663 2083 pro
675 2019 771 2084 patria:
796 2036 845 2068 non
852 2026 901 2083 pro
907 2019 997 2083 patria
1011 2019 1196 2078 Hirschfelder;
1208 2022 1301 2084 procul

95 2092 143 2150 pro
148 2085 238 2149 patrio
249 2085 353 2147 Peyron.
519 2095 541 2146 7.
559 2085 582 2133 Ο
594 2094 683 2134 terram
699 2086 770 2133 illam
782 2086 880 2134 beatam
894 2103 899 2134 :
917 2092 1011 2134 terram
1025 2086 1060 2134 H.
1157 2087 1250 2150 excipit
1262 2088 1298 2136 H.

98 2166 122 2215 9.
139 2166 211 2214 prae:
225 2157 273 2213 pro
285 2150 320 2198 H.
396 2165 527 2214 possumus
539 2151 578 2201 H:
590 2157 692 2214 possum
704 2151 757 2199 rell.
768 2158 793 2200 et
805 2150 909 2213 Quintil.
922 2151 955 2198 xi.
968 2165 989 2212 3.
1005 2162 1059 2214 173.
1184 2164 1222 2199 11.
1239 2168 1299 2217 quos

98 2216 198 2264 sentitis
210 2215 246 2263 Η.
310 2241 317 2249 ·
345 2228 384 2263 12.
400 2215 583 2280 comprobabit,
596 2216 698 2280 scripsi:
716 2216 880 2279 comprobavit
892 2216 918 2264 H
929 2232 935 2273 ;
946 2215 1061 2280 probabit
1071 2215 1124 2265 rell.
1218 2230 1256 2278 13.
1273 2225 1298 2267 et

98 2282 259 2330 fortissimum
270 2296 317 2329 om.
327 2272 377 2329 To.
480 2294 519 2344 14.
536 2297 674 2346 quemque:
693 2296 764 2345 quem
777 2281 813 2329 H.
846 2281 921 2345 elegit
933 2281 1000 2331 HT:
1018 2283 1078 2345 legit
1089 2283 1143 2342 Ea;
1159 2281 1248 2346 delegit
1260 2301 1298 2346 ςχ.

97 2449 176 2512 place,
188 2449 237 2498 this
248 2450 322 2513 being
333 2448 376 2498 the
386 2464 454 2497 more
466 2447 568 2498 lorcible
583 2447 669 2496 order:
721 2448 822 2512 latigue.
839 2463 868 2496 so
884 2448 938 2497 that
955 2449 997 2497 the
1014 2447 1124 2512 delivery
1139 2449 1230 2498 should
1250 2449 1298 2500 suit

96 2514 128 2564 ci.
141 2514 210 2564 Verr.
219 2531 241 2563 v.
253 2528 274 2575 1,
284 2515 333 2563 and
342 2515 454 2578 Madvig,
466 2514 515 2578 Op.
529 2515 576 2563 Ac.
593 2514 609 2562 i.
623 2512 669 2574 365
720 2515 762 2562 the
775 2514 896 2577 language
907 2511 1055 2578 employed!

99 2581 214 2643 ‘gravior
231 2579 259 2629 fit
277 2580 358 2629 oratio
380 2580 504 2645 dirempta
524 2580 670 2642 interposito
755 2593 779 2643 9.
796 2595 864 2637 prae
880 2583 1027 2630 mummia:
1052 2579 1083 2627 cl.
1101 2579 1153 2630 Att.
1174 2580 1207 2629 ix.
1225 2593 1265 2630 12.
1285 2595 1295 2629 1

97 2643 335 2694 iudicumnomine.'
359 2646 401 2694 He
412 2660 539 2710 compares
551 2644 622 2695 Ver'r.
635 2645 669 2693 iii.
720 2652 781 2710 prae
793 2644 908 2704 lacrimis,
920 2644 953 2693 xi.
967 2653 988 2706 7.
1001 2643 1086 2707 6prae
1098 2645 1156 2693 fletu
1167 2654 1192 2694 et
1204 2645 1299 2705 dolore,

98 2709 138 2772 46,
150 2726 173 2758 v.
188 2725 241 2772 140,
253 2710 323 2760 Cael.
335 2709 376 2771 66,
388 2710 460 2759 Balb.
475 2711 513 2760 18.
724 2709 806 2759 Plane.
817 2724 849 2774 99
855 2716 920 2774 prae
931 2726 1048 2759 maerore.
1083 2710 1138 2758 The
1150 2726 1192 2760 use
1204 2711 1299 2775 osprae

132 2790 155 2837 3.
174 2782 234 2825 nist
244 2781 393 2834 lupatria:
406 2776 437 2825 cl.
447 2776 511 2824 Rab.
521 2775 592 2824 Perd.
603 2785 633 2838 37
646 2781 673 2824 ut
724 2777 749 2824 in
761 2775 821 2825 such
833 2775 933 2840 phrases
948 2776 969 2824 is
984 2777 1009 2824 in
1024 2775 1137 2825 classical
1153 2776 1225 2825 Latin
1240 2793 1299 2826 cou-

98 2841 578 2905 eumquipropatrianullumumquam
588 2842 674 2890 mortis
723 2841 789 2890 fined
816 2848 843 2890 to
871 2840 971 2900 clauses,
996 2841 1076 2890 where
1099 2858 1114 2890 a
1137 2843 1253 2906 negative
1278 2843 1300 2891 is

98 2907 235 2971 periculum
243 2907 315 2970 fugit,
327 2907 356 2956 in
363 2907 452 2970 patria
461 2907 527 2955 mori
534 2907 673 2970 patiamini.
724 2906 855 2970 expressed
866 2922 895 2955 or
906 2906 1018 2970 implied.

99 2973 153 3022 The
171 2972 258 3035 ellipse
271 2972 334 3021 after
346 2972 371 3020 si
379 2971 450 3036 forte
469 2987 575 3036 appears
592 2980 618 3021 to
636 2973 674 3028 be,
756 2971 1300 3030 possumne:Ciceroineludestheaudience

98 3044 170 3087 extra
197 3038 313 3101 patriam
346 3037 474 3086 morietur.
527 3037 563 3084 As
596 3037 675 3101 capite
724 3036 749 3084 in
766 3036 806 3085 bis
822 3037 947 3086 emotion:
965 3037 997 3086 ci.
1014 3037 1096 3085 Planc.
1118 3050 1164 3100 104
1180 3038 1252 3102 plura
1269 3054 1300 3086 ne

99 3102 251 3163 deminutus,
260 3103 291 3150 he
301 3102 374 3151 could
384 3111 427 3151 net
435 3102 534 3152 servein
544 3101 586 3150 the
596 3118 672 3166 army.
724 3102 816 3161 dicam,
823 3110 881 3151 tuae
892 3117 932 3150 me
942 3102 1016 3151 etiam
1029 3103 1144 3152 lacrimae
1153 3104 1298 3167 impediunt,

100 3167 209 3216 Kraffert
231 3169 315 3216 thinks
344 3168 399 3217 that
424 3168 475 3216 this
497 3183 601 3232 passage
623 3183 674 3216 was
723 3174 873 3232 vestraeque,
892 3167 993 3228 iudices,
1010 3183 1061 3215 non
1076 3169 1156 3216 solum
1176 3183 1250 3227 meae,
1271 3184 1299 3218 so

99 3233 180 3282 added
193 3234 255 3283 alter
262 3233 303 3284 the
312 3233 387 3282 death
399 3232 428 3281 os
437 3232 509 3286 Milo.
520 3234 563 3282 but
572 3234 591 3282 it
600 3232 673 3281 looks
724 3233 795 3282 Verr.
812 3248 835 3280 v.
856 3244 909 3296 172.
928 3233 991 3282 Rab.
1010 3234 1076 3281 Post.
1095 3235 1134 3294 48.
1176 3234 1300 3298 Compare

100 3298 377 3363 likeaeommonplace
388 3299 418 3347 of
425 3299 539 3347 rhetoric.
569 3299 620 3346 For
631 3298 673 3347 the
724 3298 768 3346 Ar.
789 3297 864 3347 Rhet.
885 3298 920 3348 ili.
943 3307 964 3359 7.
983 3313 996 3360 5
1018 3299 1206 3356 συνομοιοπαθεΐ
1224 3298 1261 3346 ἀεὶ
1284 3298 1297 3346 d

100 3363 222 3413 threefold
239 3364 370 3428 repetition
386 3365 416 3413 ol
424 3364 513 3428 patria
534 3363 565 3413 cf.
579 3367 591 3421 §
606 3377 636 3426 53
646 3380 672 3412 n.
723 3361 816 3412 ἀκούων
827 3369 862 3427 τῷ
874 3363 1005 3425 παθητικῶς
1015 3361 1124 3426 λέγοντι.

54 3477 58 3484 ,
100 3429 425 3479 andurbe...urbesinsr.
759 3443 796 3478 12.
815 3433 1023 3487 comprobabit:
1056 3444 1071 3476 a
1099 3437 1209 3493 stronger
1236 3429 1300 3478 form

135 3508 157 3558 5-
175 3501 351 3552 mmmm:
376 3495 406 3544 cl.
424 3494 493 3544 Orat.
513 3495 560 3542 rto
577 3495 615 3543 lor
631 3495 673 3544 the
722 3494 782 3544 than
799 3494 841 3543 the
857 3494 947 3560 simple
959 3495 1030 3544 verb:
1048 3494 1078 3544 cf.
1096 3500 1108 3554 ς
1124 3492 1152 3543 16
1164 3510 1189 3543 n.
1202 3494 1239 3543 ior
1255 3495 1298 3544 the

100 3560 209 3625 spelling
221 3561 249 3608 ol
257 3560 299 3609 the
310 3561 386 3609 word.
722 3561 837 3610 variants.

135 3627 158 3674 8.
175 3630 528 3675 miseram...mtserrt:
551 3625 583 3676 cl.
597 3630 609 3684 ξ
625 3638 672 3688 7n.
759 3639 796 3688 13.
814 3630 1020 3674 semianimum:
1044 3625 1132 3674 Cicero
1151 3625 1253 3689 appeals
1271 3633 1298 3674 to

135 3695 330 3741 neeman:
358 3690 462 3752 Quintil.
479 3690 512 3739 xi.
526 3705 547 3752 3.
561 3701 607 3754 173
619 3707 674 3754 says
723 3691 787 3740 their
795 3706 907 3754 courage,
920 3691 977 3740 thus
988 3691 1093 3754 striking
1101 3690 1300 3753 intheepilogue

102 3756 131 3805 ol
143 3756 211 3805 these
222 3757 311 3815 words,
323 3756 377 3804 that
389 3756 464 3820 ‘they
472 3772 513 3805 are
525 3757 567 3805 the
577 3756 675 3805 avowal
724 3756 766 3805 the
781 3772 850 3805 same
863 3766 921 3806 note
934 3757 1015 3806 which
1026 3757 1058 3805 he
1075 3755 1125 3806 had
1142 3756 1254 3805 sounded
1273 3756 1299 3805 in

102 3822 132 3872 ol
145 3837 192 3871 one
210 3822 266 3870 who
284 3821 305 3869 is
323 3821 430 3885 sainting
440 3821 501 3870 with
518 3837 610 3872 sorrow
626 3822 675 3870 aud
725 3822 767 3871 the
778 3837 872 3887 proem.
