2926 4928
206 325 271 394 114
685 304 927 371 ASCONIUS

204 483 393 550 exaudire
417 481 685 567 possis-tuas,
712 481 881 565 inquam,
906 479 1153 567 suspiciones
1178 479 1407 565 perhorres·

204 589 335 652 cimus.

248 691 407 755 Diximus
418 690 451 753 in
462 697 657 773 argumento
668 689 827 753 orationis
839 689 936 752 huius
950 687 1010 752 Cn.
1025 689 1221 771 Pompeium
1233 688 1408 754 simulasse

203 793 365 871 timorem,
385 813 442 857 seu
464 792 562 877 plane
582 793 732 857 timuisse
753 791 926 868 Milonem,
942 800 976 856 et
997 792 1073 857 ideo
1094 813 1135 857 ne
1155 793 1246 857 domi
1269 791 1406 875 quidem

202 918 292 974 suae,
313 900 371 962 sed
396 898 429 961 in
456 896 560 962 hortis
586 896 806 979 superioribus
829 901 909 961 ante
928 895 1086 960 iudicium
1110 897 1280 974 mansisse,
1299 896 1347 960 ita
1370 905 1432 962 uts

202 1001 316 1066 villam
346 1020 478 1083 quoque
508 999 675 1084 praesidio
706 1000 848 1065 militum
879 1000 1106 1065 circumdaret.
1151 999 1193 1084 Q.
1225 999 1405 1081 Pompeius

204 1105 312 1170 Rufus
322 1106 474 1168 tribunus
484 1105 600 1187 plebis,
610 1104 666 1188 qui
678 1105 783 1169 suerat
793 1103 1064 1169 familiarissimus
1074 1104 1222 1168 omnium
1233 1104 1269 1166 P.
1284 1103 1406 1168 Clodio

157 1222 190 1268 51
203 1217 237 1274 et
252 1219 377 1272 sectam
396 1230 470 1273 eam
491 1205 496 1294 Ι
514 1209 607 1291 sequi
622 1228 658 1272 se
679 1207 791 1292 palam
812 1208 1038 1291 profitebatur,
1053 1208 1184 1272 dixerat
1200 1207 1233 1271 in
1249 1209 1406 1273 contione

202 1313 316 1395 paucis
346 1323 425 1394 post
454 1311 571 1376 diebus
601 1332 701 1396 quam
730 1311 869 1376 Clodius
895 1321 965 1377 erat
993 1313 1142 1376 occisus:
1166 1311 1266 1375 Milo
1294 1311 1406 1375 dedit

203 1436 318 1500 quem
349 1417 389 1480 in
419 1416 528 1480 curia
557 1416 805 1479 cremaretis:
840 1414 963 1492 dabit,
992 1435 1105 1499 quem
1135 1415 1172 1478 in
1205 1413 1405 1498 Capitolio
1420 1438 1448 1473 ιο

203 1519 415 1601 sepeliatis.
472 1520 511 1583 In
541 1519 657 1583 eadem
690 1519 843 1583 contione
873 1519 961 1582 idem
992 1517 1286 1583 dixerat-habuit
1316 1517 1406 1582 enim

203 1643 277 1688 eam
299 1644 330 1687 a.
354 1623 386 1686 d.
413 1622 503 1686 VIlI
528 1618 605 1687 Kal.
629 1623 846 1687 Febr-cum
870 1622 955 1686 Milo
978 1623 1083 1705 pridie
1105 1622 1218 1686 venire
1239 1622 1283 1686 ad
1306 1622 1406 1684 Pom-

203 1728 315 1810 peium
332 1727 366 1791 in
382 1726 487 1791 hortis
509 1727 578 1790 eius
601 1727 769 1800 voluisset,
786 1726 982 1815 Pompeium
1005 1727 1035 1790 ei
1059 1747 1118 1808 per
1137 1725 1307 1789 hominem
1329 1745 1407 1808 pro·

203 1832 365 1914 pinquum
382 1831 509 1896 misisse
529 1831 694 1907 nuntium,
708 1852 750 1894 ne
769 1831 812 1894 ad
831 1852 868 1895 se
888 1831 1022 1895 veniret.
1067 1830 1161 1893 Prius
1180 1830 1282 1894 etiam
1303 1848 1406 1911 quam

204 1935 383 2015 Pompeius
400 1934 454 1997 ΙΙΙ
472 1933 585 1999 consul
606 1945 779 2011 crearetur,
795 1943 862 1998 tres
883 1933 1017 2013 tribuni,
1032 1933 1075 2017 Q.
1092 1933 1270 2017 Pompeius
1287 1932 1406 2008 Rufus,
1421 1955 1450 2005 15

205 2036 242 2102 C.
270 2036 447 2102 Sallustius
476 2037 621 2119 Crispus,
651 2039 691 2101 T.
717 2038 886 2102 Munatius
918 2038 1069 2115 Plancus,
1097 2057 1173 2101 cum
1203 2036 1408 2120 quotidianis

203 2141 411 2206 contionibus
449 2142 517 2205 suis
550 2161 705 2225 magnam
742 2141 899 2205 invidiam
933 2139 1052 2205 Miloni
1085 2150 1221 2224 propter
1257 2141 1407 2205 occisum

205 2243 361 2308 Clodium
386 2245 580 2320 excitarent,
605 2245 833 2327 produxerant
864 2244 906 2308 ad
934 2244 1093 2327 populum
1122 2243 1180 2308 Cn
1207 2245 1406 2326 Pompeium

203 2357 238 2413 et
258 2349 302 2412 ab
320 2368 360 2411 eo
381 2348 597 2430 quaesierant,
615 2369 693 2412 num
717 2350 760 2413 ad
783 2369 859 2411 eum
883 2349 1031 2413 delatum
1053 2356 1140 2412 esset
1162 2347 1249 2411 illius
1271 2368 1407 2431 quoque

206 2450 298 2535 (rei)
333 2452 500 2528 indicium,
535 2471 614 2515 suae
648 2452 737 2517 vitae
771 2451 919 2515 insidiari
950 2451 1118 2516 Milonem.
1172 2452 1407 2533 Responderat
1421 2479 1450 2515 ιο

205 2554 401 2638 Pompeius:
425 2555 587 2618 Licinium
608 2554 774 2638 quendam
798 2556 841 2619 de
856 2555 955 2638 plebe
970 2554 1196 2630 sacrificulum,
1213 2555 1271 2636 qui
1286 2553 1406 2620 solitus

203 2667 290 2742 esset
313 2657 454 2722 familias
476 2678 626 2742 purgare,
642 2659 685 2723 ad
707 2677 744 2722 se
767 2658 925 2723 detulisse
947 2678 1059 2722 servos
1081 2659 1245 2740 quosdam
1269 2658 1407 2722 Milonis

204 2762 351 2845 itemque
380 2759 518 2826 libertos
547 2771 758 2844 comparatos
790 2782 863 2827 esse
894 2763 938 2826 ad
968 2763 1104 2828 caedem
1134 2783 1237 2838 suam,
1269 2763 1406 2827 nomina

204 2886 337 2948 quoque
352 2886 520 2929 servorum
542 2866 707 2946 edidisse3
732 2865 807 2949 (se)
828 2867 871 2930 ad
894 2865 1054 2930 Milonem
1076 2865 1213 2943 misisse,
1230 2874 1269 2929 ut
1289 2888 1348 2931 eos
1372 2868 1406 2930 in

204 2979 371 3051 potestate
393 2988 454 3032 sua
475 2969 632 3046 haberet3
655 2991 676 3034 a
702 2970 827 3034 Milone
850 2990 1046 3052 responsum
1068 2989 1148 3045 esse,
1170 2991 1216 3033 ex
1237 2968 1277 3032 iis
1300 2971 1405 3034 servis
1419 2995 1446 3046 ²5

204 3093 287 3154 quos
310 3072 513 3137 nominasset
536 3073 657 3156 partim
680 3073 846 3138 neminem
870 3094 907 3138 se
929 3092 1074 3157 unquam
1098 3072 1264 3149 habuisse,
1280 3075 1405 3156 partim

204 3177 453 3254 manumisisse3
484 3177 571 3252 dein,
589 3196 664 3240 cum
689 3177 852 3242 Licinium
883 3177 972 3262 apud
1003 3196 1038 3240 se
1060 3175 1207 3252 haberet,
1232 3222 1404 3242 ......

205 3278 345 3344 Lucium
360 3279 527 3363 quendam
547 3281 589 3344 de
611 3280 709 3363 plebe
728 3281 770 3344 ad
794 3281 1071 3364 corrumpendum
1095 3279 1239 3344 indicem
1254 3281 1405 3358 venisse3

203 3402 271 3466 qua
293 3404 327 3446 re
349 3385 483 3465 cognita
505 3383 538 3447 in
560 3383 667 3447 vincla
690 3405 766 3448 eum
790 3384 923 3466 publica
945 3405 1017 3448 esse
1040 3383 1235 3449 coniectum.
1282 3384 1406 3449 Decre-

203 3495 296 3550 verat
320 3487 407 3550 enim
427 3498 561 3551 senatus
586 3483 654 3576 [ut]
672 3488 934 3570 cumpinterrege
956 3497 991 3552 et
1012 3486 1154 3552 tribunis
1176 3487 1283 3571 plebis
1307 3488 1406 3552 Pom·
1419 3511 1449 3560 30

205 3590 301 3673 peius
329 3590 425 3654 daret
456 3610 605 3674 operam,
629 3612 671 3655 ne
696 3591 776 3673 quid
802 3611 854 3654 res
880 3591 1011 3674 publica
1041 3591 1230 3655 detrimenti
1261 3601 1405 3674 caperet.

205 3692 261 3757 Ob
277 3692 337 3756 has
356 3693 561 3775 suspiciones
580 3694 757 3778 Pompeius
775 3695 809 3757 in
829 3694 1051 3778 superioribus
1073 3693 1178 3759 hortis
1197 3715 1233 3759 se
1253 3695 1406 3760 continu·

203 3805 298 3874 erat;
321 3795 443 3860 deinde
466 3819 509 3861 ex
527 3797 561 3861 S.
581 3797 619 3862 C.
635 3797 758 3862 dilectu
781 3818 840 3880 per
865 3799 996 3863 ltaliam
1019 3797 1134 3862 habito
1156 3819 1231 3863 cum
1256 3800 1405 3877 redisset,

152 3919 187 3965 52
201 3900 387 3964 venientem
403 3902 446 3965 ad
461 3922 496 3966 se
512 3901 676 3965 Milonem
693 3923 795 3965 unum
814 3899 819 3988 Ι
840 3904 988 3967 omnium
1005 3923 1072 3966 non
1088 3902 1277 3966 admiserat.
1317 3903 1404 3967 Item

203 4025 279 4067 cum
302 4014 436 4068 senatus
460 4006 491 4068 in
515 4006 644 4087 porticu
661 4005 811 4089 Pompeii
833 4005 1023 4083 haberetur,
1037 4014 1075 4070 ut
1091 4006 1268 4089 Pompeius
1291 4018 1405 4090 posset
1417 4029 1457 4090 35Ὶ

447 4204 485 4239 12.
501 4188 590 4256 pridie,
601 4189 743 4242 Manutius:
761 4190 819 4240 add.
830 4191 862 4240 id
869 4197 905 4241 est
914 4192 994 4241 VIIII
1006 4192 1067 4242 Kal.
1078 4191 1153 4242 Febr.

236 4378 274 4414 10.
291 4370 383 4416 dubit:
400 4381 434 4415 sc.
447 4365 600 4429 Pompeium.
827 4365 939 4414 Lucilius
950 4366 1049 4423 Hirrus,
1061 4368 1153 4417 Ascon.
1166 4376 1206 4430 37.

236 4444 273 4493 13·
290 4436 433 4482 hominem
449 4437 655 4490 propinquum:
683 4446 716 4481 sc
745 4430 776 4482 C.
860 4433 1405 4499 35.pouuet:asproconsul,Pompeycould
